TradeId,TradeDt,TraderWalletId,MktMakerWalletId,Asset1,Qty1,Asset2,Qty2,Price,InvPrice,UsdVol,BtcVol,TxHashId,Comission,BlockchainDt,ConfTimeHours,ConfTimeMinutes,TxUrl,MarketOrderId,MarketOrderDt,LimitOrderld,LimitOrderDt
20161231232448575_07129,12/31/2016 23:24:48.000,anF9Y6w6aKArBc5yVRrvggmuxVZ9rqvgMyB,anJBX5sKFK4vnbywKWE2NQa9xrvLJEqRAB2,USD,-2.19,LKK,44.13,20.15068493,0.049626105,2.19,0.002279318,146766cafdaa52e1cb9d359c0ff6e84cb063ce9ceb65ba33314d3f41fc902a6d,0.0008908,12/31/2016 23:47:38.000,0.015856481,22.83333334,http://coinprism.info/tx/146766cafdaa52e1cb9d359c0ff6e84cb063ce9ceb65ba33314d3f41fc902a6d,1844f741-04b3-4407-96d3-abdd725cfd2c,12/31/2016 23:24:48.000,e161404b-a05a-4a6c-8e3a-9812cc502483,
20161231232403503_07125,12/31/2016 23:24:03.000,anDvuVq49bV47nMWZE3VNFDaww5ew1a9UM8,anJBX5sKFK4vnbywKWE2NQa9xrvLJEqRAB2,USD,-17478.18,BTC,18.01502782,0.001030715,970.2000005,17478.18,18.01502782,f3a8fbe4d16b6f8f39be1622655ad1a6890a85499604362a0728584fd1f138ce,0.0009454,,,,http://coinprism.info/tx/f3a8fbe4d16b6f8f39be1622655ad1a6890a85499604362a0728584fd1f138ce,c65493bc-86e3-4495-8525-74d1954c9a85,12/31/2016 23:24:03.000,ab937d7f-350a-4825-8b04-5703db037c5e,
20161231232350866_07121,12/31/2016 23:23:50.000,anF9Y6w6aKArBc5yVRrvggmuxVZ9rqvgMyB,anJBX5sKFK4vnbywKWE2NQa9xrvLJEqRAB2,SLR,-26.28,USD,2.19,0.083333333,12,2.19,0.002277762,a46dcb9894ef7b518eacea757bbc93f566a405380957654b4d4689210915bbb6,,12/31/2016 23:32:17.000,0.005868056,8.449999995,http://coinprism.info/tx/a46dcb9894ef7b518eacea757bbc93f566a405380957654b4d4689210915bbb6,ec310413-24dc-4e17-a4d1-1be169066759,12/31/2016 23:23:50.000,f10b5cdf-402a-422a-affc-c144e82439dc,
20161231225122751_07117,12/31/2016 22:51:22.000,anDvuVq49bV47nMWZE3VNFDaww5ew1a9UM8,anJBX5sKFK4vnbywKWE2NQa9xrvLJEqRAB2,BTC,-18,USD,17478.18,971.01,0.001029856,17478.18,18,d7314b7dfb6c7f9a1deb85b744c79d7e7edbe552bbff3ee62914ffcbcf62fa3d,0.0019454,1/1/2017 19:57:11.000,0.879039352,1265.816667,http://coinprism.info/tx/d7314b7dfb6c7f9a1deb85b744c79d7e7edbe552bbff3ee62914ffcbcf62fa3d,905833f9-10ad-4d7d-82ba-9165818eda0f,12/31/2016 22:51:22.000,0d9dfae7-edd9-4a42-b764-f5f4e5819dbb,
20161231224903039_07113,12/31/2016 22:49:03.000,anDvuVq49bV47nMWZE3VNFDaww5ew1a9UM8,anJBX5sKFK4vnbywKWE2NQa9xrvLJEqRAB2,USD,-17480.7,BTC,18.00185366,0.001029813,971.0500002,17480.7,18.00185366,a997d9491521b56e19522cacdedf6cf630f04bdaecd98bb8deae6eafb35423f5,0.0024454,,,,http://coinprism.info/tx/a997d9491521b56e19522cacdedf6cf630f04bdaecd98bb8deae6eafb35423f5,084a0cac-f913-448e-97ce-f6553a47e21b,12/31/2016 22:49:03.000,e1f18ee4-6536-4d9d-b394-03807edd2a65,
20161231224655088_07109,12/31/2016 22:46:55.000,anDvuVq49bV47nMWZE3VNFDaww5ew1a9UM8,anJBX5sKFK4vnbywKWE2NQa9xrvLJEqRAB2,BTC,-18,USD,17480.7,971.15,0.001029707,17480.7,18,adfc56ed1299a18c53080a67e4bbaf6fc8479947ee4e519ed9a64dfe46f5ba35,0.0011954,1/1/2017 19:36:24.000,0.867696759,1249.483333,http://coinprism.info/tx/adfc56ed1299a18c53080a67e4bbaf6fc8479947ee4e519ed9a64dfe46f5ba35,54a389c8-5a09-4179-8ed6-f7d9c68eca2a,12/31/2016 22:46:55.000,8d5ebb8b-ee8c-40f4-a2b2-6f1890e09897,
20161231224324419_07105,12/31/2016 22:43:24.000,anDvuVq49bV47nMWZE3VNFDaww5ew1a9UM8,anJBX5sKFK4vnbywKWE2NQa9xrvLJEqRAB2,USD,-17424.9,BTC,17.94457488,0.001029824,971.0400005,17424.9,17.94457488,e64f4106ab13ac10880825f673dd26e1d323bc4dd81d4d2cb65ffd7695fd5770,0.0016954,,,,http://coinprism.info/tx/e64f4106ab13ac10880825f673dd26e1d323bc4dd81d4d2cb65ffd7695fd5770,91dd96e9-278a-405a-8bfb-5ae1193df115,12/31/2016 22:43:24.000,dbdb4676-4554-4d80-948b-1b1059c8662c,
20161231224314610_07101,12/31/2016 22:43:14.000,anG5767bfXHBDmApMXiw48EokKTiShbqW1Q,anJBX5sKFK4vnbywKWE2NQa9xrvLJEqRAB2,BTC,-0.21,LKK,4115.64,19598.28571,5.10249E-05,204.3826824,0.21,2343933efbefa5db3d6f181c63bb2a02d8b58250c2be19d4d8352e3b848b36ca,0.0009454,12/31/2016 22:55:54.000,0.008796296,12.66666666,http://coinprism.info/tx/2343933efbefa5db3d6f181c63bb2a02d8b58250c2be19d4d8352e3b848b36ca,7525b8ca-7c38-4a27-9620-5138368a7c11,12/31/2016 22:43:14.000,178bb5c2-fb74-45a7-8ab3-4b27c2c4c79d,
20161231193755063_07097,12/31/2016 19:37:55.000,anDvuVq49bV47nMWZE3VNFDaww5ew1a9UM8,anJBX5sKFK4vnbywKWE2NQa9xrvLJEqRAB2,BTC,-18,USD,17424.9,968.05,0.001033004,17424.9,18,f1e1b986c431f902e2a54d9202eee1cd406627c943fe69ec595019bcc4c2ab69,0.0011954,1/1/2017 18:48:50.000,0.965914352,1390.916667,http://coinprism.info/tx/f1e1b986c431f902e2a54d9202eee1cd406627c943fe69ec595019bcc4c2ab69,8e48e080-e55a-42d6-bd47-99dc277920c3,12/31/2016 19:37:55.000,14e688b8-b351-415b-a96d-8bea141aa805,
20161231192407368_07093,12/31/2016 19:24:07.000,anDvuVq49bV47nMWZE3VNFDaww5ew1a9UM8,anJBX5sKFK4vnbywKWE2NQa9xrvLJEqRAB2,USD,-17427.06,BTC,18.00483516,0.001033154,967.91,17427.06,18.00483516,f65956d249d3a8041db765fe7befafd8efaed90b9ba611a60b231a006a860060,0.0006954,,,,http://coinprism.info/tx/f65956d249d3a8041db765fe7befafd8efaed90b9ba611a60b231a006a860060,c7953740-bdb3-4121-a42a-bb4dd6d12ef2,12/31/2016 19:24:07.000,49d211f9-af4e-4c20-8df9-fc28ada82b96,
20161231191719955_07089,12/31/2016 19:17:19.000,anDvuVq49bV47nMWZE3VNFDaww5ew1a9UM8,anJBX5sKFK4vnbywKWE2NQa9xrvLJEqRAB2,BTC,-18,USD,17427.06,968.17,0.001032876,17427.06,18,58982a3d7d30a57ca501beb5f40487d974c887a59ee3c75a20e011afa91297d8,0.0014454,1/1/2017 18:26:08.000,0.964456019,1388.816667,http://coinprism.info/tx/58982a3d7d30a57ca501beb5f40487d974c887a59ee3c75a20e011afa91297d8,ca264bc1-0828-469c-af93-85a9d20fb80a,12/31/2016 19:17:19.000,6ee12a7e-a685-4692-917f-122dfc0d3309,
20161231190605394_07085,12/31/2016 19:06:05.000,anSpFTdVDmFGuCps4fYe1iYHYTM4z3G4dPA,anJBX5sKFK4vnbywKWE2NQa9xrvLJEqRAB2,BTC,-0.206932,LKK,4045.61,19550.43203,5.11498E-05,200.9049926,0.206932,b113ea6bec4fc7ab30e300b5465864208add1a8fe2bf92020dcff67056c7cbd3,0.0009454,12/31/2016 19:10:02.000,0.002743056,3.949999991,http://coinprism.info/tx/b113ea6bec4fc7ab30e300b5465864208add1a8fe2bf92020dcff67056c7cbd3,bf91b075-d11e-4429-94aa-d2d704e815db,12/31/2016 19:06:05.000,c1b3696c-5b3a-4672-ba4b-ad288661b9a7,
20161231185628644_07081,12/31/2016 18:56:28.000,anVF5tBq5xhPGJXU5RxDHLAAJzGsGybsVUg,anJBX5sKFK4vnbywKWE2NQa9xrvLJEqRAB2,BTC,-6.27,USD,6070.99,968.2599681,0.00103278,6070.99,6.27,e9dc0cb0906342adbe61ff78da36d381a59894dc2831e038eb0188ac924a3f88,0.0009454,12/31/2016 19:02:31.000,0.004201389,6.05,http://coinprism.info/tx/e9dc0cb0906342adbe61ff78da36d381a59894dc2831e038eb0188ac924a3f88,52e95353-1e6b-4ef5-b6a4-6c56ec642db7,12/31/2016 18:56:28.000,c5cdbf2a-e2a4-4143-9441-664eb0450975,
20161231182928718_07077,12/31/2016 18:29:28.000,anLwaLDho5yNGeUxE3opYXPcsWqEkqh4oiF,anJBX5sKFK4vnbywKWE2NQa9xrvLJEqRAB2,BTC,-1,LKK,19511.02,19511.02,5.12531E-05,968.9172532,1,,,,,,http://coinprism.info/tx/,00818122-7444-4ad3-845a-b562fc3ce2f5,12/31/2016 18:29:28.000,2b7a1c87-4b5d-496a-ad2a-ae3668aff1c6,
20161231174718635_07073,12/31/2016 17:47:18.000,anDG95gPUPtiv5AhW4C4PwueoPC5t7US57K,anJBX5sKFK4vnbywKWE2NQa9xrvLJEqRAB2,BTC,-0.00589991,LKK,114.99,19490.12782,5.1308E-05,5.7104034,0.00589991,3bd972d73ca8e3d1efcf8152842b850dd11a34d89ff4f47f1d69f2d1858a3be8,0.0009454,12/31/2016 18:40:05.000,0.036655093,52.78333334,http://coinprism.info/tx/3bd972d73ca8e3d1efcf8152842b850dd11a34d89ff4f47f1d69f2d1858a3be8,7f94b25f-3b4b-4f08-a42f-d64092585d91,12/31/2016 17:47:18.000,917ad406-0322-4f10-ba22-b8e4ca7f5b89,
20161231173626385_07069,12/31/2016 17:36:26.000,anXbYR4QM3qubVf9Y8iq7wGhdCyuWdfWuB1,anJBX5sKFK4vnbywKWE2NQa9xrvLJEqRAB2,BTC,-0.1856363,LKK,3617.4,19486.49052,5.13176E-05,179.640084,0.1856363,6e6ecf5521400c6b9efbcb464c2488428dfbc126c2d46427612ecc1df6451c16,0.0009454,12/31/2016 18:12:07.000,0.024780093,35.68333333,http://coinprism.info/tx/6e6ecf5521400c6b9efbcb464c2488428dfbc126c2d46427612ecc1df6451c16,40b3dce5-0707-4d66-878e-9411bf3b1573,12/31/2016 17:36:26.000,14fdbadf-8ec3-4326-9c67-664d8610fbb1,
20161231172015936_07065,12/31/2016 17:20:15.000,anF9Y6w6aKArBc5yVRrvggmuxVZ9rqvgMyB,anJBX5sKFK4vnbywKWE2NQa9xrvLJEqRAB2,BTC,-0.0008586,LKK,16.7,19450.26788,5.14132E-05,0.829322,0.0008586,4a4450af09177cc8ce66e98a7a84147312ce5ea553f3ab63d9daeb0c08aef868,0.0009454,12/31/2016 18:36:28.000,0.052928241,76.21666666,http://coinprism.info/tx/4a4450af09177cc8ce66e98a7a84147312ce5ea553f3ab63d9daeb0c08aef868,50e7c1b2-d54c-4cba-a275-a90906b9b19e,12/31/2016 17:20:15.000,0e6afad1-d128-4cb5-b523-cce92194164a,
20161231171957527_07061,12/31/2016 17:19:57.000,anF9Y6w6aKArBc5yVRrvggmuxVZ9rqvgMyB,anJBX5sKFK4vnbywKWE2NQa9xrvLJEqRAB2,SLR,-10,BTC,0.0008586,0.00008586,11646.86699,0.825518142,0.0008586,9fe91788f8789d9ad080e7fe9e6bbc12b6cef655420169a0ae6984c689d709bf,,,,,http://coinprism.info/tx/9fe91788f8789d9ad080e7fe9e6bbc12b6cef655420169a0ae6984c689d709bf,5f1cd1d3-5d76-46c6-b637-b9b8bc465659,12/31/2016 17:19:57.000,163e6819-21fd-4575-a30e-9e6401e6af2c,
20161231171110055_07057,12/31/2016 17:11:10.000,ana9vXRvZujen2qLWv8CR5z5iXkDgF524GK,anJBX5sKFK4vnbywKWE2NQa9xrvLJEqRAB2,BTC,-0.48456795,USD,467.11,963.9721323,0.001037374,467.11,0.48456795,166ef3131566cfb8dd2219a32ff6f9e202873c6fc12c199ecee73a4f3ef9dc51,0.0009454,12/31/2016 17:45:46.000,0.024027778,34.6,http://coinprism.info/tx/166ef3131566cfb8dd2219a32ff6f9e202873c6fc12c199ecee73a4f3ef9dc51,4f1e304c-a6c4-4612-a046-e57854d8246b,12/31/2016 17:11:10.000,9fbbe98f-aca8-4c23-bd40-2a2740173efb,
20161231163641722_07053,12/31/2016 16:36:41.000,anEq1HHBMtxBvMwTxipXvBNteMLVE8cCdrS,anMUe3LgGapNHxKsGxmtbsPpNeC33sa7y9a,SLR,-4000,BTC,0.3438,0.00008595,11634.67132,330.553386,0.3438,26ffc0b8e0d0674b1bf0046074afec733e0f4db7f147cc482fd8dbd368d0f3e7,,12/31/2016 16:59:12.000,0.015636574,22.51666667,http://coinprism.info/tx/26ffc0b8e0d0674b1bf0046074afec733e0f4db7f147cc482fd8dbd368d0f3e7,fc379d73-3412-476a-9072-8786df492606,12/31/2016 16:36:41.000,5f178acc-31a8-4b8b-950b-a5532688d5a7,12/31/2016 16:25:40.000
20161231162312999_07049,12/31/2016 16:23:12.000,anF9Y6w6aKArBc5yVRrvggmuxVZ9rqvgMyB,anJBX5sKFK4vnbywKWE2NQa9xrvLJEqRAB2,BTC,-0.002294,LKK,44.6,19442.02267,5.1435E-05,2.214836,0.002294,3dc0c481f7d6a7ee7d68502458419dd51fbefaae323314f2974e6e2dbccbb792,0.0014454,12/31/2016 17:10:29.000,0.032835648,47.28333333,http://coinprism.info/tx/3dc0c481f7d6a7ee7d68502458419dd51fbefaae323314f2974e6e2dbccbb792,22474bd3-9530-406b-a519-a1a8eeab0a27,12/31/2016 16:23:12.000,b793a64c-b2d5-42a9-8d4d-81d9c5bd1090,
20161231162034058_07045,12/31/2016 16:20:34.000,anF9Y6w6aKArBc5yVRrvggmuxVZ9rqvgMyB,anJBX5sKFK4vnbywKWE2NQa9xrvLJEqRAB2,SLR,-26.69,BTC,0.002294,8.59498E-05,11634.69922,2.20561218,0.002294,a99783dd0a57773bc6659f65705930018c607ddf2fa4301eb69598622ae3da81,,,,,http://coinprism.info/tx/a99783dd0a57773bc6659f65705930018c607ddf2fa4301eb69598622ae3da81,9b9f3180-5c17-45e7-958d-8c5a32bd0a98,12/31/2016 16:20:34.000,5194892a-85ea-42aa-93ee-ad244eb20833,
20161231161605798_07041,12/31/2016 16:16:05.000,anVF5tBq5xhPGJXU5RxDHLAAJzGsGybsVUg,anJBX5sKFK4vnbywKWE2NQa9xrvLJEqRAB2,BTC,-2.59,GBP,2021.25,780.4054054,0.001281385,2494.970363,2.59,50ae753c6428e69a31edcf83bc55b7992063d590586e8ef1ba07ea663a9e2e83,0.0009454,12/31/2016 16:36:49.000,0.014398148,20.73333334,http://coinprism.info/tx/50ae753c6428e69a31edcf83bc55b7992063d590586e8ef1ba07ea663a9e2e83,e0836e4c-aa4f-4413-8b10-1a40b5f2c645,12/31/2016 16:16:05.000,df976935-e39e-4100-8a31-947148b7bda3,
20161231152429123_07037,12/31/2016 15:24:29.000,anKnpK5XQvBDX81LrrsvW7NGtaKCa5piMT4,anJBX5sKFK4vnbywKWE2NQa9xrvLJEqRAB2,BTC,-0.0000679,LKK,1.31,19293.07806,5.18321E-05,0.0650546,0.0000679,c973006212b047014cea52bb70c504d1791237a66121858cf7488bca7247488a,0.0006954,12/31/2016 15:30:02.000,0.003854167,5.549999998,http://coinprism.info/tx/c973006212b047014cea52bb70c504d1791237a66121858cf7488bca7247488a,60228f77-08dd-4789-a00b-0afdfd4c71a3,12/31/2016 15:24:29.000,3adfd554-811c-4bbf-a9f2-f30b67fdd41b,
20161231142820654_07033,12/31/2016 14:28:20.000,anFyQ8MnBbiu7xJiraiX8YMgxHSvTvu4isc,anJBX5sKFK4vnbywKWE2NQa9xrvLJEqRAB2,BTC,-0.00089134,JPY,100,112190.6343,8.9134E-06,0.854109548,0.00089134,9a30d0d4cc7d3ef423f1496f94b0aec1d590989cdae6d8afa9d5eb8f8daf12a3,0.0011954,12/31/2016 14:47:29.000,0.013298611,19.14999999,http://coinprism.info/tx/9a30d0d4cc7d3ef423f1496f94b0aec1d590989cdae6d8afa9d5eb8f8daf12a3,be20f0ba-1e34-4d12-86ce-0fa2a60cbf32,12/31/2016 14:28:20.000,fbb4ef9e-19fb-499b-8785-8011372e26e5,
20161231142740108_07029,12/31/2016 14:27:40.000,anFyQ8MnBbiu7xJiraiX8YMgxHSvTvu4isc,anJBX5sKFK4vnbywKWE2NQa9xrvLJEqRAB2,SLR,-92.91209668,BTC,0.00798579,8.59499E-05,11634.67818,7.678097511,0.00798579,f1ce39117e7eebde35350677dfcf7b968c2b63398f236995bb97c9c80a9165af,,,,,http://coinprism.info/tx/f1ce39117e7eebde35350677dfcf7b968c2b63398f236995bb97c9c80a9165af,cacf47ec-7b64-4651-b8d9-c3277eaedd0b,12/31/2016 14:27:40.000,cc31c5e8-71e6-43bc-8d77-575e1734af9a,
20161231140428198_07025,12/31/2016 14:04:28.000,anQaMwsoLzoawCaazojte2BmWFVApkyAKom,anJBX5sKFK4vnbywKWE2NQa9xrvLJEqRAB2,BTC,-0.0062388,SLR,72,11540.6809,8.665E-05,6.06112056,0.0062388,9d66a173dc38d313ed2281c6cfee6271e83cba4118b51fc651a1f5360b4d961e,,12/31/2016 14:36:38.000,0.022337963,32.16666666,http://coinprism.info/tx/9d66a173dc38d313ed2281c6cfee6271e83cba4118b51fc651a1f5360b4d961e,d9d152f6-055b-49d9-a1f2-e7ca91a8bd56,12/31/2016 14:04:28.000,9222aca2-b6d1-4d86-b497-607f7a1828e9,
20161231135836395_07021,12/31/2016 13:58:36.000,anDvuVq49bV47nMWZE3VNFDaww5ew1a9UM8,anJBX5sKFK4vnbywKWE2NQa9xrvLJEqRAB2,USD,-17231.58,BTC,17.99116707,0.001044081,957.7800002,17231.58,17.99116707,c0f9876b6a371e9385b6b85df101a2c72acdd5c0eb81829efcb48a57c1ade99d,0.0006954,,,,http://coinprism.info/tx/c0f9876b6a371e9385b6b85df101a2c72acdd5c0eb81829efcb48a57c1ade99d,a47e8e73-90ca-44ba-b43e-16cd55c6ac94,12/31/2016 13:58:36.000,e9263b17-c606-4806-8440-82e2435d2658,
20161231135037146_07017,12/31/2016 13:50:37.000,anDvuVq49bV47nMWZE3VNFDaww5ew1a9UM8,anJBX5sKFK4vnbywKWE2NQa9xrvLJEqRAB2,BTC,-18,USD,17231.58,957.31,0.001044594,17231.58,18,f27b3de2d7877f0068db3c6f3d44c2f76eb51b8e775f11fdd8ccf0d255cfefb7,0.0014454,1/1/2017 18:04:43.000,1.176458333,1694.1,http://coinprism.info/tx/f27b3de2d7877f0068db3c6f3d44c2f76eb51b8e775f11fdd8ccf0d255cfefb7,7ce83e0f-3bdb-45c4-89b4-46318b5d090d,12/31/2016 13:50:37.000,469d5941-32ab-4ed2-9f18-f320197c67ec,
20161231134431966_07013,12/31/2016 13:44:31.000,anDvuVq49bV47nMWZE3VNFDaww5ew1a9UM8,anJBX5sKFK4vnbywKWE2NQa9xrvLJEqRAB2,USD,-17252.1,BTC,18.0001878,0.001043362,958.4400003,17252.1,18.0001878,0ac01f6a3c5427660d11c7f06e81af5f507dcf1f2bc55c2660bc5d78e0f5bf95,0.0011954,,,,http://coinprism.info/tx/0ac01f6a3c5427660d11c7f06e81af5f507dcf1f2bc55c2660bc5d78e0f5bf95,5f6b0998-1e37-4a12-812f-f82001c14162,12/31/2016 13:44:31.000,c40d5f1a-9213-44c9-b0ed-b1279dd64599,
20161231133947800_07009,12/31/2016 13:39:47.000,anDvuVq49bV47nMWZE3VNFDaww5ew1a9UM8,anJBX5sKFK4vnbywKWE2NQa9xrvLJEqRAB2,BTC,-18,USD,17251.74,958.43,0.001043373,17251.74,18,02d80ae0b77ea9f71aea74f9128fe1eab2e1429bc5c083a5ab7371cf4cba5a45,0.0014454,1/1/2017 16:03:59.000,1.100138889,1584.2,http://coinprism.info/tx/02d80ae0b77ea9f71aea74f9128fe1eab2e1429bc5c083a5ab7371cf4cba5a45,968561c3-52c8-41ed-9ae2-a22a63be4bcc,12/31/2016 13:39:47.000,2b132da1-5e87-426e-9856-4b7b5ed2396c,
20161231133522033_07005,12/31/2016 13:35:22.000,anDvuVq49bV47nMWZE3VNFDaww5ew1a9UM8,anJBX5sKFK4vnbywKWE2NQa9xrvLJEqRAB2,USD,-17264.16,BTC,18.00713436,0.001043036,958.7400002,17264.16,18.00713436,a3606d90692dd4355230d7c2af076860ffd9bb1dc2f09e74f5587d71052c87bb,0.0016954,1/1/2017 14:31:29.000,1.038969907,1496.116667,http://coinprism.info/tx/a3606d90692dd4355230d7c2af076860ffd9bb1dc2f09e74f5587d71052c87bb,bae321b3-f9dc-4a66-a08c-caa9984e5246,12/31/2016 13:35:22.000,04f38250-a1ad-483f-9863-f8c16cdbee8d,
20161231131817996_07001,12/31/2016 13:18:17.000,anDvuVq49bV47nMWZE3VNFDaww5ew1a9UM8,anJBX5sKFK4vnbywKWE2NQa9xrvLJEqRAB2,BTC,-18,USD,17264.52,959.14,0.001042601,17264.52,18,b0e0a41a38a58991c9e2faeb933bc1518d3ab62b9e4e59880b94d53b0c1a1fd9,0.0014454,1/1/2017 12:52:36.000,0.982164352,1414.316667,http://coinprism.info/tx/b0e0a41a38a58991c9e2faeb933bc1518d3ab62b9e4e59880b94d53b0c1a1fd9,70131a1c-a80e-4fb0-8e75-5e06ace154cf,12/31/2016 13:18:17.000,c98d1ab2-199b-4c60-a573-5b4db541ce1b,
20161231131317202_06997,12/31/2016 13:13:17.000,anDvuVq49bV47nMWZE3VNFDaww5ew1a9UM8,anJBX5sKFK4vnbywKWE2NQa9xrvLJEqRAB2,USD,-17279.82,BTC,18.00356324,0.001041884,959.8000001,17279.82,18.00356324,7cf9dbfcea9cb337ede9abdfa9c3d74af5f52bb61f6fcbc852c48b59fd18dcb9,0.0006954,,,,http://coinprism.info/tx/7cf9dbfcea9cb337ede9abdfa9c3d74af5f52bb61f6fcbc852c48b59fd18dcb9,11a51fd3-9d34-4b2c-aec7-0794c5c4772d,12/31/2016 13:13:17.000,d67a54d7-7658-4776-935e-e81f0bfbaafe,
20161231130705263_06993,12/31/2016 13:07:05.000,anDvuVq49bV47nMWZE3VNFDaww5ew1a9UM8,anJBX5sKFK4vnbywKWE2NQa9xrvLJEqRAB2,BTC,-18,USD,17279.82,959.99,0.001041678,17279.82,18,c292e5c8d163534f0c9a369958a1b695b5c567487dc6f5b239dfbc2f180505da,0.0011954,1/1/2017 11:27:50.000,0.931076389,1340.75,http://coinprism.info/tx/c292e5c8d163534f0c9a369958a1b695b5c567487dc6f5b239dfbc2f180505da,555e77a4-c56d-4a2e-8a08-90f412a33835,12/31/2016 13:07:05.000,df934070-85c7-456d-946a-935de933790f,
20161231130354641_06989,12/31/2016 13:03:54.000,anLwaLDho5yNGeUxE3opYXPcsWqEkqh4oiF,anJBX5sKFK4vnbywKWE2NQa9xrvLJEqRAB2,LKK,-19475.42,BTC,1,5.13468E-05,19475.42,961.47,1,,,,,,http://coinprism.info/tx/,e50b6ff1-ba3d-4829-936a-f576ca479855,12/31/2016 13:03:54.000,14dfc067-57d0-44e7-93ec-c9e27e6deb6c,
20161231124827034_06981,12/31/2016 12:48:27.000,anG1q6X8nMCCzajoRKAhAEJts845t1ebirR,anJBX5sKFK4vnbywKWE2NQa9xrvLJEqRAB2,LKK,-20021.74,BTC,1.03,5.14441E-05,19438.58252,990.3141,1.03,f9b3ce8e61c38657dc1932507a01bd20abd2c565872b125a1f18ae36163008ed,0.0009454,12/31/2016 12:51:09.000,0.001875,2.700000003,http://coinprism.info/tx/f9b3ce8e61c38657dc1932507a01bd20abd2c565872b125a1f18ae36163008ed,468772b6-0c71-46d7-9342-82d50ae23651,12/31/2016 12:48:27.000,0eeb8ef8-be14-4627-9fb0-dd3fbcae700f,12/31/2016 12:48:25.000
20161231124827034_06985,12/31/2016 12:48:27.000,anG1q6X8nMCCzajoRKAhAEJts845t1ebirR,anJBX5sKFK4vnbywKWE2NQa9xrvLJEqRAB2,LKK,-978.26,BTC,0.05026081,5.13778E-05,19463.67359,48.32426099,0.05026081,729e31c9e91301d7a6cd94ac95998f41ea56d7b25e3edb6106cdb559bd7b86f9,0.0006954,,,,http://coinprism.info/tx/729e31c9e91301d7a6cd94ac95998f41ea56d7b25e3edb6106cdb559bd7b86f9,468772b6-0c71-46d7-9342-82d50ae23651,12/31/2016 12:48:27.000,70ec2bcf-0ec0-4c07-9318-fd632323f32e,
20161231111315776_06977,12/31/2016 11:13:15.000,anDvuVq49bV47nMWZE3VNFDaww5ew1a9UM8,anJBX5sKFK4vnbywKWE2NQa9xrvLJEqRAB2,USD,-17219.33,BTC,18.0097792,0.001045905,956.1100005,17219.33,18.0097792,77933bb1ec51f38fd1e923adb04b5a5fa8f74b271f155c09194bf81eb901e5bf,0.0011954,,,,http://coinprism.info/tx/77933bb1ec51f38fd1e923adb04b5a5fa8f74b271f155c09194bf81eb901e5bf,d97ab07f-47b5-4440-867d-69efef0e8e88,12/31/2016 11:13:15.000,20b7d43d-577b-4694-95c8-ae43e64c560b,
20161231110300846_06973,12/31/2016 11:03:00.000,anDvuVq49bV47nMWZE3VNFDaww5ew1a9UM8,anJBX5sKFK4vnbywKWE2NQa9xrvLJEqRAB2,BTC,-18,USD,17218.8,956.6,0.001045369,17218.8,18,8909db1eea4f1b299b8575a4a89b8244553a2b3aea6614c544e598ac9836f2de,0.0014454,1/1/2017 11:12:22.000,1.00650463,1449.366667,http://coinprism.info/tx/8909db1eea4f1b299b8575a4a89b8244553a2b3aea6614c544e598ac9836f2de,edb69410-250c-4fcd-b6f1-bfcf290c930e,12/31/2016 11:03:00.000,3521362b-8143-4e85-ab55-eb038390a969,
20161231105743808_06969,12/31/2016 10:57:43.000,anDvuVq49bV47nMWZE3VNFDaww5ew1a9UM8,anJBX5sKFK4vnbywKWE2NQa9xrvLJEqRAB2,USD,-17216.11,BTC,17.99304989,0.001045129,956.8200002,17216.11,17.99304989,7e6fa94050b5b3007937a674dc2912d5547e9016eb084ad1aa76686ae69baf87,0.0009454,1/1/2017 10:54:42.000,0.997905093,1436.983333,http://coinprism.info/tx/7e6fa94050b5b3007937a674dc2912d5547e9016eb084ad1aa76686ae69baf87,bd681d44-c421-4bde-a277-a6ef5c06baa5,12/31/2016 10:57:43.000,0d35145c-f84b-4ca6-b0c8-631bfca95125,
20161231105136215_06965,12/31/2016 10:51:36.000,anDvuVq49bV47nMWZE3VNFDaww5ew1a9UM8,anJBX5sKFK4vnbywKWE2NQa9xrvLJEqRAB2,BTC,-18,USD,17216.64,956.48,0.0010455,17216.64,18,018bd42aca59d79298b3bd1d265ed07105a4ceb3913b9232d891f53840824998,0.0011954,1/1/2017 10:28:37.000,0.984039352,1417.016667,http://coinprism.info/tx/018bd42aca59d79298b3bd1d265ed07105a4ceb3913b9232d891f53840824998,9ff7bf48-1851-4609-b41f-d5ba896589d2,12/31/2016 10:51:36.000,2e0a77a2-9eac-4164-b561-483776934ce3,
20161231105002509_06961,12/31/2016 10:50:02.000,anDvuVq49bV47nMWZE3VNFDaww5ew1a9UM8,anJBX5sKFK4vnbywKWE2NQa9xrvLJEqRAB2,USD,-17230.5,BTC,18.00903038,0.001045183,956.7700002,17230.5,18.00903038,2bcc177dc2f5c95e53abe9408e4ef45016bbbb7cf8c99f696fd0128ea780273f,0.0009454,,,,http://coinprism.info/tx/2bcc177dc2f5c95e53abe9408e4ef45016bbbb7cf8c99f696fd0128ea780273f,f5117af1-869f-4b3d-bef1-b1b76f0d9e21,12/31/2016 10:50:02.000,6228b79e-cbdb-4787-a8f4-dbad18a02cb8,
20161231104632202_06957,12/31/2016 10:46:32.000,anDvuVq49bV47nMWZE3VNFDaww5ew1a9UM8,anJBX5sKFK4vnbywKWE2NQa9xrvLJEqRAB2,BTC,-18,USD,17230.5,957.25,0.001044659,17230.5,18,53a9750112da559c9bcc26895d5c69ddb1b41fb2e120fa7fa1e0bab36892a828,0.0011954,1/1/2017 10:09:26.000,0.974236111,1402.9,http://coinprism.info/tx/53a9750112da559c9bcc26895d5c69ddb1b41fb2e120fa7fa1e0bab36892a828,db48dd31-7116-4bd0-be0a-c4ce34070031,12/31/2016 10:46:32.000,7b592860-5044-4158-847f-98211c801296,
20161231103446775_06953,12/31/2016 10:34:46.000,anDvuVq49bV47nMWZE3VNFDaww5ew1a9UM8,anJBX5sKFK4vnbywKWE2NQa9xrvLJEqRAB2,USD,-17225.82,BTC,18.00037618,0.001044965,956.9700004,17225.82,18.00037618,19f17cba7cb58cb2800ac772a9af20f4176dc4f8bb795ac20bf1ba457f5ef272,0.0006954,,,,http://coinprism.info/tx/19f17cba7cb58cb2800ac772a9af20f4176dc4f8bb795ac20bf1ba457f5ef272,2609fe21-6ce7-41df-9910-2485f7f92de1,12/31/2016 10:34:46.000,61fafd06-c31a-49f8-af84-e2fbf04e18f6,
20161231103120706_06949,12/31/2016 10:31:20.000,anDvuVq49bV47nMWZE3VNFDaww5ew1a9UM8,anJBX5sKFK4vnbywKWE2NQa9xrvLJEqRAB2,BTC,-18,USD,17225.82,956.99,0.001044943,17225.82,18,996739ba278dec913b552c6e2e60dedc9c9606d88513b9e244c254ba0f717858,0.0011954,1/1/2017 9:02:20.000,0.938194444,1351,http://coinprism.info/tx/996739ba278dec913b552c6e2e60dedc9c9606d88513b9e244c254ba0f717858,aafafc44-2dee-4757-9a3d-6fc15148071e,12/31/2016 10:31:20.000,fcb32598-bdce-40d0-8a1f-5d63ebef66f1,
20161231102151169_06945,12/31/2016 10:21:51.000,anDvuVq49bV47nMWZE3VNFDaww5ew1a9UM8,anJBX5sKFK4vnbywKWE2NQa9xrvLJEqRAB2,USD,-17267.94,BTC,18.02517771,0.001043852,957.9900003,17267.94,18.02517771,eeaee1bda3be664aacc6930ac17ce82377beaaca37a053c0e1c210de85d72c82,0.0009454,,,,http://coinprism.info/tx/eeaee1bda3be664aacc6930ac17ce82377beaaca37a053c0e1c210de85d72c82,626b37a6-5a57-4f08-b384-66fb0d1c07ab,12/31/2016 10:21:51.000,27f338a7-d4e0-4cdf-90d3-9119c20b3ef7,
20161231102030555_06941,12/31/2016 10:20:30.000,anDvuVq49bV47nMWZE3VNFDaww5ew1a9UM8,anJBX5sKFK4vnbywKWE2NQa9xrvLJEqRAB2,BTC,-18,USD,17267.94,959.33,0.001042394,17267.94,18,bc716a98852276bc11dba0981cd2250db39efb0c36199fcabe15a8ece71f618f,0.0011954,1/1/2017 8:02:53.000,0.90443287,1302.383333,http://coinprism.info/tx/bc716a98852276bc11dba0981cd2250db39efb0c36199fcabe15a8ece71f618f,bda18f20-d3ab-4098-8da2-5c4e924ed34a,12/31/2016 10:20:30.000,92956368-9d6f-40ee-8347-2012ac10de4c,
20161231100454376_06937,12/31/2016 10:04:54.000,anKgFdz3ioB7QSM4CMwoQeKWoUSPb9G9Q9V,anJBX5sKFK4vnbywKWE2NQa9xrvLJEqRAB2,BTC,-0.04133453,LKK,800,19354.27837,5.16682E-05,39.728,0.04133453,ec0622b9923792f599b176016f5efb5ef5273d7e1d42660d718bd4b40a108ca1,0.0009454,12/31/2016 11:09:01.000,0.044525463,64.11666666,http://coinprism.info/tx/ec0622b9923792f599b176016f5efb5ef5273d7e1d42660d718bd4b40a108ca1,7a34c2ab-cde5-4cab-b2fb-3753def95f4b,12/31/2016 10:04:54.000,60aa2fa5-baba-48e9-ae37-112360461f9f,
20161231100300925_06933,12/31/2016 10:03:00.000,anKgFdz3ioB7QSM4CMwoQeKWoUSPb9G9Q9V,anJBX5sKFK4vnbywKWE2NQa9xrvLJEqRAB2,BTC,-0.0038771,LKK,75,19344.35532,5.16947E-05,3.7245,0.0038771,2f8e0af01412d93dd8dcd18560fdf9c8ace2eac5013fe5e7d6885450e79fc75e,0.0009454,12/31/2016 10:38:45.000,0.024826389,35.75000001,http://coinprism.info/tx/2f8e0af01412d93dd8dcd18560fdf9c8ace2eac5013fe5e7d6885450e79fc75e,d9381bbe-deb6-4f63-895e-6c903231a917,12/31/2016 10:03:00.000,74148384-0892-44fc-ada5-c3bc3f35a387,
20161231100054830_06929,12/31/2016 10:00:54.000,anKgFdz3ioB7QSM4CMwoQeKWoUSPb9G9Q9V,anJBX5sKFK4vnbywKWE2NQa9xrvLJEqRAB2,BTC,-0.00517325,LKK,100,19330.20828,5.17325E-05,4.966,0.00517325,d0b5b7ee7491ad5bbc89ab10a01863d39e56cb0b7bf033bd3d0fbabccfc03863,0.0009454,12/31/2016 10:09:57.000,0.006284722,9.049999999,http://coinprism.info/tx/d0b5b7ee7491ad5bbc89ab10a01863d39e56cb0b7bf033bd3d0fbabccfc03863,0a513ee8-b568-4a4f-918a-6dc2199ed132,12/31/2016 10:00:54.000,a1646d47-d641-4986-91fc-cbb28bce7661,
20161231095848974_06925,12/31/2016 9:58:48.000,anFyQ8MnBbiu7xJiraiX8YMgxHSvTvu4isc,anJBX5sKFK4vnbywKWE2NQa9xrvLJEqRAB2,BTC,-0.00008424,SLR,0.91209668,10827.3585,9.23586E-05,0.076782332,0.00008424,1d8985fa66b99e37852f00031f938d56b92e2131dedd14a76d3cd39ce7dfadd3,,12/31/2016 10:07:52.000,0.006296296,9.06666667,http://coinprism.info/tx/1d8985fa66b99e37852f00031f938d56b92e2131dedd14a76d3cd39ce7dfadd3,cfe0d0dc-fbf7-455d-8894-12780e582b61,12/31/2016 9:58:48.000,ae767133-0c02-4c6f-84b2-69218a15e7b5,
20161231095338812_06921,12/31/2016 9:53:38.000,anDvuVq49bV47nMWZE3VNFDaww5ew1a9UM8,anJBX5sKFK4vnbywKWE2NQa9xrvLJEqRAB2,USD,-17280.18,BTC,18.0394609,0.001043939,957.9100005,17280.18,18.0394609,46df9d2d6c4ec8edf818641fb611d3a9b947bc9b9e9d1ffe5dc59f558c3c2509,0.0009454,,,,http://coinprism.info/tx/46df9d2d6c4ec8edf818641fb611d3a9b947bc9b9e9d1ffe5dc59f558c3c2509,2ed6434a-0ee8-4c51-8c3a-77d602ef2ad2,12/31/2016 9:53:38.000,191fea48-ce4a-4a71-a0d1-1010266fa22a,
20161231095319981_06917,12/31/2016 9:53:19.000,anDFWuLnAtXaDmkhn7zpjGNh1XXVeVFivVF,anJBX5sKFK4vnbywKWE2NQa9xrvLJEqRAB2,USD,-226.92,BTC,0.23692535,0.001044092,957.7700318,226.92,0.23692535,e00ea6d9138aa246efba22182c2e4742d3d8cb79fc8ba09b01f4ed3c92450ded,0.0006954,,,,http://coinprism.info/tx/e00ea6d9138aa246efba22182c2e4742d3d8cb79fc8ba09b01f4ed3c92450ded,70514164-fc8e-4c05-8edb-128b75560a3c,12/31/2016 9:53:19.000,f0e64cc4-53c8-4a9b-b439-cc0134da8771,
20161231095250325_06913,12/31/2016 9:52:50.000,anDFWuLnAtXaDmkhn7zpjGNh1XXVeVFivVF,anJBX5sKFK4vnbywKWE2NQa9xrvLJEqRAB2,SLR,-2718.619118,USD,226.92,0.083468846,11.98051788,226.92,0.236013604,1155d888dfd1a0d315f00c06f38a09fe745b04c9ee1c50427ffc1a51ed663ba9,,12/31/2016 10:04:47.000,0.008298611,11.95000001,http://coinprism.info/tx/1155d888dfd1a0d315f00c06f38a09fe745b04c9ee1c50427ffc1a51ed663ba9,c8adc688-d919-4ee3-bca9-011d3dc1069b,12/31/2016 9:52:50.000,43b8b7c4-156a-4a42-95a4-5dc6c607141b,
20161231095214489_06909,12/31/2016 9:52:14.000,anFyQ8MnBbiu7xJiraiX8YMgxHSvTvu4isc,anJBX5sKFK4vnbywKWE2NQa9xrvLJEqRAB2,SLR,-10,CHF,0.85,0.085,11.76470588,0.833946529,0.000867366,079ff8d61630bd3e786835909a18f645e4c7d1e641e319e5988f4e67b48b0007,,12/31/2016 9:56:58.000,0.003287037,4.733333329,http://coinprism.info/tx/079ff8d61630bd3e786835909a18f645e4c7d1e641e319e5988f4e67b48b0007,4cbe87d4-4584-4334-83a5-c7e10353d59c,12/31/2016 9:52:14.000,dcc6bc37-2718-4d21-8d4a-e85c77561cf1,
20161231093703133_06905,12/31/2016 9:37:03.000,anDvuVq49bV47nMWZE3VNFDaww5ew1a9UM8,anJBX5sKFK4vnbywKWE2NQa9xrvLJEqRAB2,BTC,-18,USD,17280.18,960.01,0.001041656,17280.18,18,6bb72a16dd7f88b3086191f1010866c8792e2b757ff5ad5291c303fa1911a7ef,0.0011954,1/1/2017 7:41:08.000,0.919502315,1324.083333,http://coinprism.info/tx/6bb72a16dd7f88b3086191f1010866c8792e2b757ff5ad5291c303fa1911a7ef,feba4492-e524-4cf8-96d4-95525afd9f0a,12/31/2016 9:37:03.000,f1e63f1c-28a5-4349-ba27-114d9c00f8bf,
20161231090702883_06901,12/31/2016 9:07:02.000,anDvuVq49bV47nMWZE3VNFDaww5ew1a9UM8,anJBX5sKFK4vnbywKWE2NQa9xrvLJEqRAB2,USD,-17340.48,BTC,17.99308935,0.001037635,963.73,17340.48,17.99308935,9ac407369e926ced34eda817576663ea0ccd90e5001b84ef8a863d54b8e1d013,0.0011954,,,,http://coinprism.info/tx/9ac407369e926ced34eda817576663ea0ccd90e5001b84ef8a863d54b8e1d013,b96b4f38-e603-4dc8-b695-b60606665784,12/31/2016 9:07:02.000,9496d6d1-813e-4418-a60a-34b6b3cdc04e,
20161231084345309_06897,12/31/2016 8:43:45.000,anDvuVq49bV47nMWZE3VNFDaww5ew1a9UM8,anJBX5sKFK4vnbywKWE2NQa9xrvLJEqRAB2,BTC,-18,USD,17340.48,963.36,0.001038034,17340.48,18,5361d7fbd9a73792ad209453192e6976414623f7a488a5f8eae5dcb7c9b765f5,0.0011954,1/1/2017 7:28:38.000,0.947835648,1364.883333,http://coinprism.info/tx/5361d7fbd9a73792ad209453192e6976414623f7a488a5f8eae5dcb7c9b765f5,64262824-5ea7-42ce-aa09-2ed3a9e11993,12/31/2016 8:43:45.000,b28caf5e-10f2-47e7-af83-4b7ad2bca1cb,
20161231074145099_06893,12/31/2016 7:41:45.000,anDvuVq49bV47nMWZE3VNFDaww5ew1a9UM8,anJBX5sKFK4vnbywKWE2NQa9xrvLJEqRAB2,USD,-17280,BTC,18.00262538,0.001041819,959.8600002,17280,18.00262538,7a67df1dddb1309e86de8c6f41e8b2988948ccfcf1db3fd05694aa0c03b866dc,0.0011954,,,,http://coinprism.info/tx/7a67df1dddb1309e86de8c6f41e8b2988948ccfcf1db3fd05694aa0c03b866dc,eeb3c09f-9db4-4ffa-8060-1ef865dd9e98,12/31/2016 7:41:45.000,82130242-6241-4987-9c4a-58f323e0e17f,
20161231073717405_06889,12/31/2016 7:37:17.000,anDvuVq49bV47nMWZE3VNFDaww5ew1a9UM8,anJBX5sKFK4vnbywKWE2NQa9xrvLJEqRAB2,BTC,-18,USD,17280,960,0.001041667,17280,18,476cd654636d19dc5059f981d02435f220e94f049019d98db04c3f55430b449b,0.0011954,1/1/2017 6:54:10.000,0.97005787,1396.883333,http://coinprism.info/tx/476cd654636d19dc5059f981d02435f220e94f049019d98db04c3f55430b449b,aee038d5-6faf-4433-882e-6bdd91818873,12/31/2016 7:37:17.000,b72f9f41-75a7-4a3e-8b60-3a43b75a5d97,
20161231073505829_06885,12/31/2016 7:35:05.000,anDvuVq49bV47nMWZE3VNFDaww5ew1a9UM8,anJBX5sKFK4vnbywKWE2NQa9xrvLJEqRAB2,USD,-17309.88,BTC,18.02417818,0.001041265,960.3700001,17309.88,18.02417818,346f0daf0aa84047b0a349d4930d25f57c778817c2613e970ce241f8f5b9c8d0,0.0009454,,,,http://coinprism.info/tx/346f0daf0aa84047b0a349d4930d25f57c778817c2613e970ce241f8f5b9c8d0,5d5ca56c-b844-477f-94ea-6e9daeceb047,12/31/2016 7:35:05.000,819c441d-5218-45c9-9fec-28bec3e70e87,
20161231070710241_06881,12/31/2016 7:07:10.000,anDvuVq49bV47nMWZE3VNFDaww5ew1a9UM8,anJBX5sKFK4vnbywKWE2NQa9xrvLJEqRAB2,BTC,-18,USD,17309.88,961.66,0.001039869,17309.88,18,001cd2a89a73d64394d7e7b4631d764d506d8631dffe8edabb526694062c5756,0.0011954,1/1/2017 6:33:12.000,0.976412037,1406.033333,http://coinprism.info/tx/001cd2a89a73d64394d7e7b4631d764d506d8631dffe8edabb526694062c5756,32371873-5b2d-4fce-8697-1e03d2165682,12/31/2016 7:07:10.000,123e38f4-9998-4a18-bc53-2f33d6bc8599,
20161231065547811_06877,12/31/2016 6:55:47.000,anDvuVq49bV47nMWZE3VNFDaww5ew1a9UM8,anJBX5sKFK4vnbywKWE2NQa9xrvLJEqRAB2,USD,-17178.66,BTC,17.95315929,0.001045085,956.8600001,17178.66,17.95315929,507794b761a6ac8152600493d42d1bcfb5d4cf4fa481e19f38635da2f4fb0153,0.0006954,,,,http://coinprism.info/tx/507794b761a6ac8152600493d42d1bcfb5d4cf4fa481e19f38635da2f4fb0153,1a304733-1fa9-4d54-99c7-39228bde3d62,12/31/2016 6:55:47.000,b6cc1648-7622-49a1-af33-2eb3a0624be6,
20161231054716507_06873,12/31/2016 5:47:16.000,anDvuVq49bV47nMWZE3VNFDaww5ew1a9UM8,anJBX5sKFK4vnbywKWE2NQa9xrvLJEqRAB2,BTC,-18,USD,17178.66,954.37,0.001047812,17178.66,18,fb804095143d54d9c08421c099c7c8f27a6517c87e8b5d5c4da9576f240b4228,0.0011954,1/1/2017 5:26:44.000,0.985740741,1419.466667,http://coinprism.info/tx/fb804095143d54d9c08421c099c7c8f27a6517c87e8b5d5c4da9576f240b4228,1cb4de47-5a70-463c-9268-17c1e44793ac,12/31/2016 5:47:16.000,61abd27c-762a-4f95-905a-b8f0078939d0,
20161231035809585_06869,12/31/2016 3:58:09.000,anF9Y6w6aKArBc5yVRrvggmuxVZ9rqvgMyB,anJBX5sKFK4vnbywKWE2NQa9xrvLJEqRAB2,USD,-3.75,LKK,75.51,20.136,0.049662296,3.75,0.003900097,beb5c9a7768d2ccbbf22102654836909d470654c43bef6c03e5af4c739c55773,0.0008908,12/31/2016 4:58:20.000,0.041793981,60.18333333,http://coinprism.info/tx/beb5c9a7768d2ccbbf22102654836909d470654c43bef6c03e5af4c739c55773,7c717953-607d-40c8-9e98-e23121e29ec7,12/31/2016 3:58:09.000,64900dcd-35e8-4886-b151-8b9b788bb29b,
20161231035613336_06865,12/31/2016 3:56:13.000,anF9Y6w6aKArBc5yVRrvggmuxVZ9rqvgMyB,anJBX5sKFK4vnbywKWE2NQa9xrvLJEqRAB2,SLR,-45.18,USD,3.75,0.083001328,12.048,3.75,0.003900278,a000417f714a9dd997336228dff16f61030cf7dbca9d1af5e7211a17b242252c,,12/31/2016 4:06:59.000,0.007476852,10.76666667,http://coinprism.info/tx/a000417f714a9dd997336228dff16f61030cf7dbca9d1af5e7211a17b242252c,48dc96f7-a6a7-44c4-9973-8c3f2b840cb8,12/31/2016 3:56:13.000,05adac10-0c7f-4302-837f-86d2f59f1dca,
20161231020921470_06861,12/31/2016 2:09:21.000,anYKLkN3xuLd6wZyM6vGRcJyuXU64YYu498,anJBX5sKFK4vnbywKWE2NQa9xrvLJEqRAB2,USD,-99.32,LKK,2000,20.13693113,0.04966,99.32,0.103300155,28e954342d3d3baa234f43a889d1c2d67d45a03b8e9be0a3a1a2deeb23bb5212,0.0008908,12/31/2016 2:17:03.000,0.005347222,7.699999998,http://coinprism.info/tx/28e954342d3d3baa234f43a889d1c2d67d45a03b8e9be0a3a1a2deeb23bb5212,1858c64c-eff3-495a-a1a8-c5a44aba0b11,12/31/2016 2:09:21.000,fb4791ae-2094-4d1e-ac27-ae716353c535,
20161231014603205_06857,12/31/2016 1:46:03.000,anDvuVq49bV47nMWZE3VNFDaww5ew1a9UM8,anJBX5sKFK4vnbywKWE2NQa9xrvLJEqRAB2,USD,-17217.36,BTC,18.0518993,0.001048471,953.7700003,17217.36,18.0518993,617f68b32865e7f1c9ba2597d3ae5abd53a77723771a24c55f48e7e879622859,0.0009454,,,,http://coinprism.info/tx/617f68b32865e7f1c9ba2597d3ae5abd53a77723771a24c55f48e7e879622859,37cf80f0-e23e-44ee-a20b-c68efcfece2e,12/31/2016 1:46:03.000,c69d266d-e866-4bd1-986d-756536271a13,
20161231013139168_06853,12/31/2016 1:31:39.000,anDvuVq49bV47nMWZE3VNFDaww5ew1a9UM8,anJBX5sKFK4vnbywKWE2NQa9xrvLJEqRAB2,BTC,-18,USD,17217.36,956.52,0.001045456,17217.36,18,69f49cbcc9ddb70a27abc5974bf5278f5c0a5e65d228e51676911fea54d3fc65,0.0011954,1/1/2017 5:04:40.000,1.147928241,1653.016667,http://coinprism.info/tx/69f49cbcc9ddb70a27abc5974bf5278f5c0a5e65d228e51676911fea54d3fc65,ab8dcb43-3180-45df-9b22-9dc58f5e8bc8,12/31/2016 1:31:39.000,8a11a5ec-8506-49c2-a908-ef81890aab0f,
20161231012843803_06849,12/31/2016 1:28:43.000,anDvuVq49bV47nMWZE3VNFDaww5ew1a9UM8,anJBX5sKFK4vnbywKWE2NQa9xrvLJEqRAB2,USD,-17239.5,BTC,18.02408857,0.001045511,956.4700003,17239.5,18.02408857,0f40f1969d2269944e25b61c338ae0fde40e8c0857a254080f52cba6e67993bf,0.0009454,,,,http://coinprism.info/tx/0f40f1969d2269944e25b61c338ae0fde40e8c0857a254080f52cba6e67993bf,70424384-02e2-451e-89e0-45238a292195,12/31/2016 1:28:43.000,12661e66-5498-4ee7-9b4d-e42be5f10da5,
20161231010819318_06845,12/31/2016 1:08:19.000,anDvuVq49bV47nMWZE3VNFDaww5ew1a9UM8,anJBX5sKFK4vnbywKWE2NQa9xrvLJEqRAB2,BTC,-18,USD,17239.5,957.75,0.001044114,17239.5,18,b6d1e5742e0b3d59cd7e8adb28d960c75ff5e36edbb424962326e3e79f2c85a7,0.0011954,1/1/2017 4:41:41.000,1.148171296,1653.366667,http://coinprism.info/tx/b6d1e5742e0b3d59cd7e8adb28d960c75ff5e36edbb424962326e3e79f2c85a7,1b8f744b-5d2f-48a3-93bb-a67784e3ffe2,12/31/2016 1:08:19.000,804b5551-a1be-41c0-a75b-fcd6727f9b3e,
20161231005059826_06841,12/31/2016 0:50:59.000,anDvuVq49bV47nMWZE3VNFDaww5ew1a9UM8,anJBX5sKFK4vnbywKWE2NQa9xrvLJEqRAB2,USD,-17340.23,BTC,18.0928944,0.001043406,958.4000004,17340.23,18.0928944,6df5f87dd65471a2e957d7d429e254608cc3b2d5d8b16b544a69ea8a3b857fbb,0.0011954,,,,http://coinprism.info/tx/6df5f87dd65471a2e957d7d429e254608cc3b2d5d8b16b544a69ea8a3b857fbb,b6bf4e65-c03c-4d39-bfe0-45bfe87c97a9,12/31/2016 0:50:59.000,638e47cd-6bdd-469e-b28e-a414ec7c0934,
20161231002934418_06837,12/31/2016 0:29:34.000,anDvuVq49bV47nMWZE3VNFDaww5ew1a9UM8,anJBX5sKFK4vnbywKWE2NQa9xrvLJEqRAB2,BTC,-17,USD,16340.23,961.19,0.001040377,16340.23,17,405c36bdae6ac7f95dcbafcc8ba060f7316289090a768343aaf296bf199e1edd,0.0014454,1/1/2017 4:16:16.000,1.157430556,1666.7,http://coinprism.info/tx/405c36bdae6ac7f95dcbafcc8ba060f7316289090a768343aaf296bf199e1edd,517bccd6-c0ac-4d0f-815d-ee4bc3e5e397,12/31/2016 0:29:34.000,b0bd9d68-7f95-4bbe-9882-21f867e41c40,
20161231000037479_06833,12/31/2016 0:00:37.000,anDwCyntPpzMJhcuwta3yAGVXkyjkr7K1X3,anJBX5sKFK4vnbywKWE2NQa9xrvLJEqRAB2,BTC,-0.00016674,LKK,3.23,19371.47655,5.16223E-05,0.1604018,0.00016674,b5a63979382dd95cc217cd49dcd7cddc7068a6445dd15879c9cc613476894059,0.0006954,12/31/2016 0:09:29.000,0.006157407,8.866666665,http://coinprism.info/tx/b5a63979382dd95cc217cd49dcd7cddc7068a6445dd15879c9cc613476894059,3f0db7b9-ae5f-40b5-a0cc-785b2bfec05c,12/31/2016 0:00:37.000,ad09a7ae-c942-4fb5-8b97-8bf29f2455dd,
20161230232502740_06829,12/30/2016 23:25:02.000,anDFWuLnAtXaDmkhn7zpjGNh1XXVeVFivVF,anJBX5sKFK4vnbywKWE2NQa9xrvLJEqRAB2,USD,-223.39,BTC,0.23196095,0.001038368,963.0500306,223.39,0.23196095,fa2fcc373315b2a1201b0d840a98f5de1cf7f69026209705a0c46846e10d967e,0.0006954,,,,http://coinprism.info/tx/fa2fcc373315b2a1201b0d840a98f5de1cf7f69026209705a0c46846e10d967e,644d56f9-5b3a-4c6a-a9b1-9cfcee1052ff,12/30/2016 23:25:02.000,30cc8437-6812-494f-81f6-e168fe01aae0,
20161230232409597_06825,12/30/2016 23:24:09.000,anDFWuLnAtXaDmkhn7zpjGNh1XXVeVFivVF,anJBX5sKFK4vnbywKWE2NQa9xrvLJEqRAB2,SLR,-2662.070355,USD,223.39,0.083915889,11.91669437,223.39,0.230201667,f471813f9bc54557cdc7f1bf95e2bbbbecdc5d1e686131893292373da4202aaa,,12/31/2016 0:07:03.000,0.029791667,42.9,http://coinprism.info/tx/f471813f9bc54557cdc7f1bf95e2bbbbecdc5d1e686131893292373da4202aaa,8fe7332c-73f2-472d-aebe-6eb84f7caaf1,12/30/2016 23:24:09.000,e242c5e5-418e-4746-ba03-f095eecc2594,
20161230231954990_06821,12/30/2016 23:19:54.000,anDFWuLnAtXaDmkhn7zpjGNh1XXVeVFivVF,anJBX5sKFK4vnbywKWE2NQa9xrvLJEqRAB2,SLR,-5,BTC,0.00043505,0.00008701,11492.93185,0.422176871,0.00043505,39a42d8fb3bd1ca138931816c17b7b700968aa17d0104a6cb62ff3399fcd50a1,,12/30/2016 23:56:34.000,0.025462963,36.66666667,http://coinprism.info/tx/39a42d8fb3bd1ca138931816c17b7b700968aa17d0104a6cb62ff3399fcd50a1,f8db3e26-83b9-4eb1-8626-07d159f29c26,12/30/2016 23:19:54.000,17815ee5-4999-4f14-b32b-0f22ba7190eb,
20161230231849390_06817,12/30/2016 23:18:49.000,anDFWuLnAtXaDmkhn7zpjGNh1XXVeVFivVF,anJBX5sKFK4vnbywKWE2NQa9xrvLJEqRAB2,SLR,-10,BTC,0.0008701,0.00008701,11492.93185,0.844353741,0.0008701,dd9e7c88ea26b30fbf49cd87610c6824c625e93a67b6c22f1f1079543e93071c,,12/30/2016 23:45:12.000,0.018321759,26.38333333,http://coinprism.info/tx/dd9e7c88ea26b30fbf49cd87610c6824c625e93a67b6c22f1f1079543e93071c,c4db3459-de03-49a3-841e-687dcc18a9bd,12/30/2016 23:18:49.000,ac906b1c-35b7-442e-9cfa-a080510c9670,
20161230231815320_06813,12/30/2016 23:18:15.000,anDFWuLnAtXaDmkhn7zpjGNh1XXVeVFivVF,anJBX5sKFK4vnbywKWE2NQa9xrvLJEqRAB2,SLR,-2,BTC,0.00017402,0.00008701,11492.93185,0.168870748,0.00017402,0808ced04a9c9f9356d59f1cc3b606e385f1811240badb9b3b1fe1bc426a5bd2,,12/30/2016 23:34:12.000,0.011076389,15.95000001,http://coinprism.info/tx/0808ced04a9c9f9356d59f1cc3b606e385f1811240badb9b3b1fe1bc426a5bd2,0fb17d7f-2a75-4630-a399-bf17eeeb31a3,12/30/2016 23:18:15.000,f861b99a-47e0-4c7b-a44f-73023317316e,
20161230231719611_06809,12/30/2016 23:17:19.000,anDFWuLnAtXaDmkhn7zpjGNh1XXVeVFivVF,anJBX5sKFK4vnbywKWE2NQa9xrvLJEqRAB2,SLR,-1,BTC,0.00008701,0.00008701,11492.93185,0.084435374,0.00008701,39e9085c2839b4acb54a8ab048d5598641a71800865eeccfec775ef503715e63,,12/30/2016 23:23:22.000,0.004201389,6.05,http://coinprism.info/tx/39e9085c2839b4acb54a8ab048d5598641a71800865eeccfec775ef503715e63,e554121c-92f2-46e0-a52f-3ddeb3dc35d3,12/30/2016 23:17:19.000,c14181bc-608e-45b6-9eeb-92220cbdfd3b,
20161230231559728_06805,12/30/2016 23:15:59.000,anQTA92Scj89uXYuu7qcuonwCcuF9iXwG5P,anJBX5sKFK4vnbywKWE2NQa9xrvLJEqRAB2,BTC,-0.01,LKK,194.37,19437,5.14483E-05,9.6329772,0.01,78022e2a5701a53e053725df63a6cb5ca780c722f415586bc96afc47ae66329a,0.0009454,12/30/2016 23:20:12.000,0.002928241,4.216666667,http://coinprism.info/tx/78022e2a5701a53e053725df63a6cb5ca780c722f415586bc96afc47ae66329a,a2622b10-3bc0-4bfc-80f5-523256110c53,12/30/2016 23:15:59.000,bdf7e2eb-b2f7-48ef-93b7-f7e68677d3b7,
20161230224246046_06801,12/30/2016 22:42:46.000,anDvuVq49bV47nMWZE3VNFDaww5ew1a9UM8,anJBX5sKFK4vnbywKWE2NQa9xrvLJEqRAB2,USD,-16308.27,BTC,16.99486244,0.001042101,959.6000002,16308.27,16.99486244,ea9d5a6cb03e45c466879c70b2dea223f038477fcbbd6aaf3bf91bffdf300e74,0.0014454,1/1/2017 3:29:17.000,1.198969907,1726.516667,http://coinprism.info/tx/ea9d5a6cb03e45c466879c70b2dea223f038477fcbbd6aaf3bf91bffdf300e74,ed56fa62-f171-43cb-a410-ba255429b214,12/30/2016 22:42:46.000,b436a1ee-7683-423c-80a4-8deb098f87d7,
20161230223629862_06797,12/30/2016 22:36:29.000,anDvuVq49bV47nMWZE3VNFDaww5ew1a9UM8,anJBX5sKFK4vnbywKWE2NQa9xrvLJEqRAB2,BTC,-17,USD,16308.27,959.31,0.001042416,16308.27,17,2b5acec6e9cffc0975230d5f9b3e574c6f82c552ecf8941f16e57277637a0481,0.0011954,1/1/2017 2:45:05.000,1.172638889,1688.6,http://coinprism.info/tx/2b5acec6e9cffc0975230d5f9b3e574c6f82c552ecf8941f16e57277637a0481,dbe8b452-daaa-4b09-8863-d138a374cdec,12/30/2016 22:36:29.000,173d7115-a6e2-4415-b2fe-e478d3b2f2b2,
20161230222647432_06793,12/30/2016 22:26:47.000,anDvuVq49bV47nMWZE3VNFDaww5ew1a9UM8,anJBX5sKFK4vnbywKWE2NQa9xrvLJEqRAB2,USD,-16287.87,BTC,17.00603485,0.001044092,957.7700001,16287.87,17.00603485,e06d33c2f0ad8841bede9f79a767b0a15c8671a1c942a9c615bb99a112925f4d,0.0011954,1/1/2017 2:33:26.000,1.171284722,1686.65,http://coinprism.info/tx/e06d33c2f0ad8841bede9f79a767b0a15c8671a1c942a9c615bb99a112925f4d,070b813c-5a00-4df3-aba9-594e5b1227c1,12/30/2016 22:26:47.000,b4a9d5af-b52c-4a6b-ac60-b60f7a5fd3ca,
20161230222204891_06789,12/30/2016 22:22:04.000,anDvuVq49bV47nMWZE3VNFDaww5ew1a9UM8,anJBX5sKFK4vnbywKWE2NQa9xrvLJEqRAB2,BTC,-17,USD,16287.87,958.11,0.001043721,16287.87,17,6101262209903b79e178ae6723cb2eb24ebc2d5f3ee151440fd4a128b4485597,0.0011954,1/1/2017 2:33:26.000,1.174560185,1691.366667,http://coinprism.info/tx/6101262209903b79e178ae6723cb2eb24ebc2d5f3ee151440fd4a128b4485597,b597bd2c-caf2-4270-b2f1-0610e8ee5273,12/30/2016 22:22:04.000,b42a44ea-efa0-4bc3-b3f4-73f914b9895f,
20161230215229529_06785,12/30/2016 21:52:29.000,anDvuVq49bV47nMWZE3VNFDaww5ew1a9UM8,anJBX5sKFK4vnbywKWE2NQa9xrvLJEqRAB2,USD,-16190.12,BTC,17.01536521,0.001050972,951.5000002,16190.12,17.01536521,7a56aa630571865d5b27033ee0f83955769e4295c89248f21d086f1146a55874,0.0011954,1/1/2017 2:21:23.000,1.186736111,1708.9,http://coinprism.info/tx/7a56aa630571865d5b27033ee0f83955769e4295c89248f21d086f1146a55874,81aabb80-d339-41d4-ba25-29a4433b9ecb,12/30/2016 21:52:29.000,82e986a2-286b-4688-9d21-96780f95c888,
20161230214850476_06781,12/30/2016 21:48:50.000,anDvuVq49bV47nMWZE3VNFDaww5ew1a9UM8,anJBX5sKFK4vnbywKWE2NQa9xrvLJEqRAB2,BTC,-17,USD,16190.12,952.36,0.001050023,16190.12,17,281b735e57e6ff8d451309676ee3d0d18e6522ce42a0c4b73d6babaa54f6859b,0.0011954,1/1/2017 2:21:24.000,1.189282407,1712.566667,http://coinprism.info/tx/281b735e57e6ff8d451309676ee3d0d18e6522ce42a0c4b73d6babaa54f6859b,f04cb12e-1263-45a3-85a9-1a2d638a0f85,12/30/2016 21:48:50.000,8e18001f-7792-4b56-9548-124c3cc5e39c,
20161230214131449_06777,12/30/2016 21:41:31.000,anDvuVq49bV47nMWZE3VNFDaww5ew1a9UM8,anJBX5sKFK4vnbywKWE2NQa9xrvLJEqRAB2,USD,-16290.42,BTC,17.08289552,0.001048647,953.6100002,16290.42,17.08289552,4a5d37537d5ddb99b211a3eae7b38035b85220fe02eb1d36168e8b3bcc62e88a,0.0011954,1/1/2017 2:09:58.000,1.186423611,1708.45,http://coinprism.info/tx/4a5d37537d5ddb99b211a3eae7b38035b85220fe02eb1d36168e8b3bcc62e88a,1d5ae140-d7fa-408b-b161-b4181c0c501b,12/30/2016 21:41:31.000,447f18d8-a61f-4911-a483-9a70e8327683,
20161230213426106_06773,12/30/2016 21:34:26.000,anDvuVq49bV47nMWZE3VNFDaww5ew1a9UM8,anJBX5sKFK4vnbywKWE2NQa9xrvLJEqRAB2,BTC,-17,USD,16290.42,958.26,0.001043558,16290.42,17,86a559f08cdd1e2ed73b61f791a2a9eca2d28f93c294ac17bfb494d166513351,0.0011954,1/1/2017 2:09:58.000,1.191342593,1715.533333,http://coinprism.info/tx/86a559f08cdd1e2ed73b61f791a2a9eca2d28f93c294ac17bfb494d166513351,ae579e14-c7b2-4a09-9d79-b4eca871fcc3,12/30/2016 21:34:26.000,d03f282f-5ffc-48cf-9de6-361fbd0aa3f7,
20161230212826475_06769,12/30/2016 21:28:26.000,anDvuVq49bV47nMWZE3VNFDaww5ew1a9UM8,anJBX5sKFK4vnbywKWE2NQa9xrvLJEqRAB2,USD,-16258.12,BTC,16.99431366,0.001045282,956.6800005,16258.12,16.99431366,f76a5031a19b79200142a934611c6ae52ec20caa7a24cb5a63a39cc3d0857fc7,0.0011954,1/1/2017 1:48:20.000,1.180486111,1699.9,http://coinprism.info/tx/f76a5031a19b79200142a934611c6ae52ec20caa7a24cb5a63a39cc3d0857fc7,3e7bf814-4e5a-4885-ab4f-c1ad2b7486a1,12/30/2016 21:28:26.000,c3cf0f8d-c631-4978-9b4b-32f22a4b55de,
20161230212638301_06765,12/30/2016 21:26:38.000,anDvuVq49bV47nMWZE3VNFDaww5ew1a9UM8,anJBX5sKFK4vnbywKWE2NQa9xrvLJEqRAB2,BTC,-17,USD,16258.12,956.36,0.001045631,16258.12,17,0644b48fe57d24f737291833e88b3b06a0929c784109342759c289968d4893d8,0.0011954,1/1/2017 1:14:48.000,1.158449074,1668.166667,http://coinprism.info/tx/0644b48fe57d24f737291833e88b3b06a0929c784109342759c289968d4893d8,1876e316-7f86-4997-a1af-1bf14a090205,12/30/2016 21:26:38.000,45bc0071-0589-456a-ba15-08a0713459ff,
20161230212424342_06761,12/30/2016 21:24:24.000,anDvuVq49bV47nMWZE3VNFDaww5ew1a9UM8,anJBX5sKFK4vnbywKWE2NQa9xrvLJEqRAB2,USD,-16297.56,BTC,17.03304696,0.001045129,956.8200005,16297.56,17.03304696,64b090513e512cefc9348191957ba900065820a573211e0b41c42d5f8a17ecc8,0.0011954,1/1/2017 1:14:48.000,1.16,1670.4,http://coinprism.info/tx/64b090513e512cefc9348191957ba900065820a573211e0b41c42d5f8a17ecc8,f6a989ec-2f8e-43fd-94bc-3ae7fb48e77c,12/30/2016 21:24:24.000,3abd6aac-76e0-48b0-8379-361938f9c981,
20161230212050527_06757,12/30/2016 21:20:50.000,anDvuVq49bV47nMWZE3VNFDaww5ew1a9UM8,anJBX5sKFK4vnbywKWE2NQa9xrvLJEqRAB2,BTC,-17,USD,16297.56,958.68,0.001043101,16297.56,17,1a2f1eba827ce4915ff193d98944edfa18d21b6a868898191771673d5bdf76ec,0.0011954,1/1/2017 1:03:35.000,1.1546875,1662.75,http://coinprism.info/tx/1a2f1eba827ce4915ff193d98944edfa18d21b6a868898191771673d5bdf76ec,641ef8d5-39ee-47a8-9f24-255430518dcc,12/30/2016 21:20:50.000,ceab16b3-146b-474c-91ff-1aa571ed19ce,
20161230210933676_06753,12/30/2016 21:09:33.000,anDvuVq49bV47nMWZE3VNFDaww5ew1a9UM8,anJBX5sKFK4vnbywKWE2NQa9xrvLJEqRAB2,USD,-16331.22,BTC,16.99540024,0.001040669,960.9200001,16331.22,16.99540024,176c4124b378d867025f79464d2768b36f1fe1ba56414e6e3bc0f2cf70330d34,0.0011954,1/1/2017 0:52:18.000,1.1546875,1662.75,http://coinprism.info/tx/176c4124b378d867025f79464d2768b36f1fe1ba56414e6e3bc0f2cf70330d34,334fe8a1-39e4-47fb-ac22-73301470c59f,12/30/2016 21:09:33.000,18e05e79-215e-4689-b0b8-9016e6ef06b0,
20161230210128282_06749,12/30/2016 21:01:28.000,anDvuVq49bV47nMWZE3VNFDaww5ew1a9UM8,anJBX5sKFK4vnbywKWE2NQa9xrvLJEqRAB2,BTC,-17,USD,16331.22,960.66,0.001040951,16331.22,17,41f098b9db5260d5b544cf9ebf3d912810d854d8ba041921ab75ead5bb96c3dc,0.0011954,1/1/2017 0:41:24.000,1.152731481,1659.933333,http://coinprism.info/tx/41f098b9db5260d5b544cf9ebf3d912810d854d8ba041921ab75ead5bb96c3dc,047cc161-822f-4483-9b11-e6cfaa1df252,12/30/2016 21:01:28.000,f63b8149-6b7d-4aef-a21e-6710bd6fec67,
20161230192731554_06745,12/30/2016 19:27:31.000,anDvuVq49bV47nMWZE3VNFDaww5ew1a9UM8,anJBX5sKFK4vnbywKWE2NQa9xrvLJEqRAB2,USD,-16385.28,BTC,17.01694915,0.001038551,962.8800001,16385.28,17.01694915,eee382228a76ba46e79acb6b1d668692ac461e1dd34a9d387b514a2af8336b29,0.0014454,1/1/2017 0:08:42.000,1.195266204,1721.183333,http://coinprism.info/tx/eee382228a76ba46e79acb6b1d668692ac461e1dd34a9d387b514a2af8336b29,90edfbc0-e59b-4b7c-9e63-baed74b1f090,12/30/2016 19:27:31.000,8cd8138b-fd66-4687-8eae-1ca0ab62a5ed,
20161230192044458_06741,12/30/2016 19:20:44.000,anDvuVq49bV47nMWZE3VNFDaww5ew1a9UM8,anJBX5sKFK4vnbywKWE2NQa9xrvLJEqRAB2,BTC,-17,USD,16385.28,963.84,0.001037517,16385.28,17,221b8d2e939d402e1d74426102be2474edafd676883d7ed45ddee670a318a629,0.0016954,12/31/2016 23:47:33.000,1.185289352,1706.816667,http://coinprism.info/tx/221b8d2e939d402e1d74426102be2474edafd676883d7ed45ddee670a318a629,37e0aa62-44fd-43d8-bcff-3dca00b9c238,12/30/2016 19:20:44.000,09e6ac82-e88f-4f38-a5c4-4abae080f6b6,
20161230190029658_06737,12/30/2016 19:00:29.000,anDvuVq49bV47nMWZE3VNFDaww5ew1a9UM8,anJBX5sKFK4vnbywKWE2NQa9xrvLJEqRAB2,USD,-16262.03,BTC,16.99964457,0.001045358,956.6100005,16262.03,16.99964457,83fa50174fbbf38950afc620a69215e3133b69bfe5af852650609c3d9d3347c9,0.0019454,12/31/2016 23:32:13.000,1.188703704,1711.733333,http://coinprism.info/tx/83fa50174fbbf38950afc620a69215e3133b69bfe5af852650609c3d9d3347c9,738e34f0-78dd-40b6-971c-f13587c49ea7,12/30/2016 19:00:29.000,be5935d9-4580-4ced-ba42-c77945a24ce2,
20161230185855832_06733,12/30/2016 18:58:55.000,anDvuVq49bV47nMWZE3VNFDaww5ew1a9UM8,anJBX5sKFK4vnbywKWE2NQa9xrvLJEqRAB2,BTC,-17,USD,16262.03,956.59,0.00104538,16262.03,17,55e608dc54583c504b85abbff1e95e28a94a1adaab416c8a07086074ccb2b912,0.0014454,12/31/2016 23:17:13.000,1.179375,1698.3,http://coinprism.info/tx/55e608dc54583c504b85abbff1e95e28a94a1adaab416c8a07086074ccb2b912,3f015fc2-fb9e-4920-bd40-602c1b8a6fc5,12/30/2016 18:58:55.000,f5cf7ad2-c35d-4614-b60c-564bbc884c06,
20161230185521364_06729,12/30/2016 18:55:21.000,anDvuVq49bV47nMWZE3VNFDaww5ew1a9UM8,anJBX5sKFK4vnbywKWE2NQa9xrvLJEqRAB2,USD,-16296.2,BTC,17.0328717,0.001045205,956.7500001,16296.2,17.0328717,f4364f5744c11581ded681568284bdf7f9dd7b201e983a4c779597689de2bbf8,0.0016954,12/31/2016 22:49:16.000,1.16244213,1673.916667,http://coinprism.info/tx/f4364f5744c11581ded681568284bdf7f9dd7b201e983a4c779597689de2bbf8,05a569a5-da01-4296-b2cc-4ac55f61232a,12/30/2016 18:55:21.000,c8dd68f6-f95f-471c-8cf2-63ff3d176776,
20161230185243106_06725,12/30/2016 18:52:43.000,anDvuVq49bV47nMWZE3VNFDaww5ew1a9UM8,anJBX5sKFK4vnbywKWE2NQa9xrvLJEqRAB2,BTC,-17,USD,16296.2,958.6,0.001043188,16296.2,17,181f6800152378e77b6d2f6a288be4669859a15118ceb034e5d9361a2eef4ab0,0.0014454,12/31/2016 22:49:17.000,1.164282407,1676.566667,http://coinprism.info/tx/181f6800152378e77b6d2f6a288be4669859a15118ceb034e5d9361a2eef4ab0,ffacd1db-88f7-4cc6-96c9-8e90616222ec,12/30/2016 18:52:43.000,fca24c62-93ac-416a-a612-a5eb11068bcc,
20161230173802639_06721,12/30/2016 17:38:02.000,anDvuVq49bV47nMWZE3VNFDaww5ew1a9UM8,anJBX5sKFK4vnbywKWE2NQa9xrvLJEqRAB2,USD,-16346.52,BTC,16.97969274,0.001038734,962.7100001,16346.52,16.97969274,26262cdd649e704f73243ecd18768347a254e1659bf6d8b6eb2f6c6875e92124,0.0011954,12/31/2016 22:38:28.000,1.208634259,1740.433333,http://coinprism.info/tx/26262cdd649e704f73243ecd18768347a254e1659bf6d8b6eb2f6c6875e92124,9fafa93e-d97f-44f3-a336-48f3bc9f2142,12/30/2016 17:38:02.000,5ddeb050-5801-442c-817a-8bb9cc35552a,
20161230172905795_06717,12/30/2016 17:29:05.000,anDvuVq49bV47nMWZE3VNFDaww5ew1a9UM8,anJBX5sKFK4vnbywKWE2NQa9xrvLJEqRAB2,BTC,-17,USD,16346.52,961.56,0.001039977,16346.52,17,0e54e8742c8c6ee95611cd2a2de9b875c4e1e3bcf19ce35988703b993403019d,0.0014454,12/31/2016 21:12:11.000,1.154930556,1663.1,http://coinprism.info/tx/0e54e8742c8c6ee95611cd2a2de9b875c4e1e3bcf19ce35988703b993403019d,57ccd789-75f6-42cb-804b-3448d05dd445,12/30/2016 17:29:05.000,ac3c5f48-6085-447d-9aa5-90a58819d0d1,
20161230172843017_06713,12/30/2016 17:28:43.000,anDvuVq49bV47nMWZE3VNFDaww5ew1a9UM8,anJBX5sKFK4vnbywKWE2NQa9xrvLJEqRAB2,USD,-16374.06,BTC,17.02297583,0.001039631,961.8800005,16374.06,17.02297583,dc64ad6c1ca61d7ffa2d6dd05db33d1dc648c6000d3a0f86e7c5dbb079cf00f2,0.0014454,12/31/2016 21:12:11.000,1.155185185,1663.466667,http://coinprism.info/tx/dc64ad6c1ca61d7ffa2d6dd05db33d1dc648c6000d3a0f86e7c5dbb079cf00f2,4c23f8d1-76cb-43d6-a6a7-6e95e0d72969,12/30/2016 17:28:43.000,a855f43b-ac0f-4cc5-a6a8-36c8c485f1db,
20161230172230368_06709,12/30/2016 17:22:30.000,anDvuVq49bV47nMWZE3VNFDaww5ew1a9UM8,anJBX5sKFK4vnbywKWE2NQa9xrvLJEqRAB2,BTC,-17,USD,16374.06,963.18,0.001038228,16374.06,17,664bfe997e4ccf51397f1da37c5d66bf2c3c146130b2162fb0d5c922c99efac5,0.0014454,12/31/2016 20:28:13.000,1.128969907,1625.716667,http://coinprism.info/tx/664bfe997e4ccf51397f1da37c5d66bf2c3c146130b2162fb0d5c922c99efac5,e99466b7-2ffd-4ff5-b61b-6a3a4a1d4446,12/30/2016 17:22:30.000,919e1ab7-57c8-4768-b09a-f6e3e80d89d0,
20161230171922567_06705,12/30/2016 17:19:22.000,anDvuVq49bV47nMWZE3VNFDaww5ew1a9UM8,anJBX5sKFK4vnbywKWE2NQa9xrvLJEqRAB2,USD,-16395.31,BTC,17.01517274,0.001037807,963.5700002,16395.31,17.01517274,d2cdd7aaf577343cf8e9d251569d6b620e96fa6f39812f07d505da4e5cba3e1a,0.0014454,12/31/2016 20:15:30.000,1.122314815,1616.133333,http://coinprism.info/tx/d2cdd7aaf577343cf8e9d251569d6b620e96fa6f39812f07d505da4e5cba3e1a,4e5c2761-8761-4f14-aff5-ca8157831e9d,12/30/2016 17:19:22.000,ec25f5a7-b136-4421-b223-961087fafe47,
20161230171725517_06701,12/30/2016 17:17:25.000,anDvuVq49bV47nMWZE3VNFDaww5ew1a9UM8,anJBX5sKFK4vnbywKWE2NQa9xrvLJEqRAB2,BTC,-17,USD,16395.31,964.43,0.001036882,16395.31,17,8f0da673d2592757f6ed82aaa9a2579be9848b464911cd327ed03335d34a05b4,0.0014454,12/31/2016 19:48:35.000,1.104976852,1591.166667,http://coinprism.info/tx/8f0da673d2592757f6ed82aaa9a2579be9848b464911cd327ed03335d34a05b4,a37c2b2d-4ab1-4875-ac48-c4e4b175f157,12/30/2016 17:17:25.000,c30c3d55-5531-45c5-ae2d-19196c627b4b,
20161230164238363_06697,12/30/2016 16:42:38.000,anDvuVq49bV47nMWZE3VNFDaww5ew1a9UM8,anJBX5sKFK4vnbywKWE2NQa9xrvLJEqRAB2,USD,-16320.51,BTC,16.99415844,0.001041276,960.36,16320.51,16.99415844,6f6cf283168e0da993437c5729026b2afaa10c7cb33e5ad09953f35c9f3555a4,0.0016954,12/31/2016 19:36:45.000,1.120914352,1614.116667,http://coinprism.info/tx/6f6cf283168e0da993437c5729026b2afaa10c7cb33e5ad09953f35c9f3555a4,5bd58dbb-c6f4-4b6e-952d-3fd7bba69b0d,12/30/2016 16:42:38.000,5ef4b247-7038-4de7-b1f9-73edd6b85552,
20161230164129963_06693,12/30/2016 16:41:29.000,anDvuVq49bV47nMWZE3VNFDaww5ew1a9UM8,anJBX5sKFK4vnbywKWE2NQa9xrvLJEqRAB2,BTC,-17,USD,16320.51,960.03,0.001041634,16320.51,17,b7055b0a0d424630fac713646597bac1946852e27f6186b8e5a5d1d19792ad64,0.0014454,12/31/2016 19:36:45.000,1.121712963,1615.266667,http://coinprism.info/tx/b7055b0a0d424630fac713646597bac1946852e27f6186b8e5a5d1d19792ad64,7414144b-f15d-471d-9105-cf7019a92b39,12/30/2016 16:41:29.000,d24242c0-7dbd-4520-aaa6-6ac4097224c1,
20161230164021653_06689,12/30/2016 16:40:21.000,anDvuVq49bV47nMWZE3VNFDaww5ew1a9UM8,anJBX5sKFK4vnbywKWE2NQa9xrvLJEqRAB2,USD,-16396.84,BTC,17.04152072,0.001039317,962.1700005,16396.84,17.04152072,7e064faa028b471939a7e5c04c178d754480ade9d505fde8cccb331274f31da2,0.0014454,12/31/2016 19:25:48.000,1.114895833,1605.45,http://coinprism.info/tx/7e064faa028b471939a7e5c04c178d754480ade9d505fde8cccb331274f31da2,cb0b74ab-a206-40e6-b08d-cca5cdbd343e,12/30/2016 16:40:21.000,56fde007-a337-4730-b6f6-7292e5aab898,
20161230163333681_06685,12/30/2016 16:33:33.000,anDvuVq49bV47nMWZE3VNFDaww5ew1a9UM8,anJBX5sKFK4vnbywKWE2NQa9xrvLJEqRAB2,BTC,-17,USD,16396.84,964.52,0.001036785,16396.84,17,3d8df303f5cf3172d35faa8d52fb0fdb8c6592d0498d842edb8500daa3dc9119,0.0014454,12/31/2016 18:55:03.000,1.098263889,1581.5,http://coinprism.info/tx/3d8df303f5cf3172d35faa8d52fb0fdb8c6592d0498d842edb8500daa3dc9119,5bbd225c-545b-498c-a94b-648a245200ba,12/30/2016 16:33:33.000,3af3cf53-e8a9-42cc-8dd8-825075cfc865,
20161230162035485_06681,12/30/2016 16:20:35.000,anDvuVq49bV47nMWZE3VNFDaww5ew1a9UM8,anJBX5sKFK4vnbywKWE2NQa9xrvLJEqRAB2,USD,-16337.34,BTC,17.01788523,0.001041656,960.01,16337.34,17.01788523,0fcdf4b1b5106c18d62a14c668b9cdd064027cfc930fbd0bf3d8fd5320acc870,0.0016954,12/31/2016 18:36:21.000,1.094282407,1575.766667,http://coinprism.info/tx/0fcdf4b1b5106c18d62a14c668b9cdd064027cfc930fbd0bf3d8fd5320acc870,7a517814-9986-438a-aafe-f76fc6e438e2,12/30/2016 16:20:35.000,ef04f461-899d-4088-959f-7761bce207b1,
20161230161622990_06677,12/30/2016 16:16:22.000,anDvuVq49bV47nMWZE3VNFDaww5ew1a9UM8,anJBX5sKFK4vnbywKWE2NQa9xrvLJEqRAB2,BTC,-17,USD,16337.34,961.02,0.001040561,16337.34,17,82dbac879d47c9645bab5a2b71eba99fda976a92abf07430d31955450a5bf454,0.0016954,12/31/2016 18:15:00.000,1.082384259,1558.633333,http://coinprism.info/tx/82dbac879d47c9645bab5a2b71eba99fda976a92abf07430d31955450a5bf454,a9f5ee5e-1f1e-436a-b7b6-53e21aa70d19,12/30/2016 16:16:22.000,183d0443-3a33-4eb9-b770-43c74601abcf,
20161230161508342_06673,12/30/2016 16:15:08.000,anN5QgcAJ2iUVNnBCHsPKPou28keFtUJEjs,anJBX5sKFK4vnbywKWE2NQa9xrvLJEqRAB2,BTC,-0.51178697,CHF,500,976.9689916,0.001023574,491.7146088,0.51178697,5f9d5c01c2bd1aa8f5cbe32e57bdf413df83733defa3d519955ab5dbe82e5a3d,0.0009454,12/31/2016 22:46:45.000,1.271956019,1831.616667,http://coinprism.info/tx/5f9d5c01c2bd1aa8f5cbe32e57bdf413df83733defa3d519955ab5dbe82e5a3d,1b1a2c96-afb6-44ba-be0a-b88b90c4e272,12/30/2016 16:15:08.000,0907228f-123f-403b-ae21-906a899ee520,
20161230160752566_06669,12/30/2016 16:07:52.000,anN5QgcAJ2iUVNnBCHsPKPou28keFtUJEjs,anJBX5sKFK4vnbywKWE2NQa9xrvLJEqRAB2,BTC,-0.51170055,CHF,500,977.1339898,0.001023401,491.7146088,0.51170055,2d40a195d96edb21bf62ebbc3938a6d33e9c8b56e50471da6cb30c1b0a167520,0.0014454,12/31/2016 22:46:45.000,1.277002315,1838.883333,http://coinprism.info/tx/2d40a195d96edb21bf62ebbc3938a6d33e9c8b56e50471da6cb30c1b0a167520,6e0b68e2-271d-4137-821a-23bf49fae5b6,12/30/2016 16:07:52.000,411ffaf6-798f-4342-bd64-461b18bfadbf,
20161230160446530_06665,12/30/2016 16:04:46.000,anQAis1TeCidHV9yyP3HRhCBDfVrmqKnZcK,anJBX5sKFK4vnbywKWE2NQa9xrvLJEqRAB2,EUR,-1,USD,1.05,1.05,0.952380952,1.05,0.001082017,839b6ddd2453ac755c18a34b186938ca2c6993bf17ebb134079261597328763d,0.0013908,12/30/2016 16:08:23.000,0.002511574,3.616666663,http://coinprism.info/tx/839b6ddd2453ac755c18a34b186938ca2c6993bf17ebb134079261597328763d,53abcf19-7e4b-4e17-89b9-f4d09cef29d9,12/30/2016 16:04:46.000,7461b1ea-1593-453f-bf8a-28af8d758345,
20161230155923854_06661,12/30/2016 15:59:23.000,anQAis1TeCidHV9yyP3HRhCBDfVrmqKnZcK,anJBX5sKFK4vnbywKWE2NQa9xrvLJEqRAB2,BTC,-0.0025,EUR,2.27,908,0.001101322,2.4001164,0.0025,b051b51e2390c9121a0086649ea87214fe42d67b59a5b63eae29db3d597fbdd8,0.0016954,12/30/2016 16:08:23.000,0.00625,8.999999998,http://coinprism.info/tx/b051b51e2390c9121a0086649ea87214fe42d67b59a5b63eae29db3d597fbdd8,c8b0e7a3-4079-4533-ac99-bcb11db62d85,12/30/2016 15:59:23.000,bca8cace-eadb-4ccb-8078-919a5e3f0c8a,
20161230155853067_06657,12/30/2016 15:58:53.000,anN5QgcAJ2iUVNnBCHsPKPou28keFtUJEjs,anJBX5sKFK4vnbywKWE2NQa9xrvLJEqRAB2,CHF,-1000,BTC,1.02487473,0.001024875,975.7290045,994.5486867,1.02487473,19fa27941c0cc42e6fba6c80b581d22c7ef3f71233d32a8475cc848db5f51b55,0.0016954,12/31/2016 22:25:11.000,1.268263889,1826.3,http://coinprism.info/tx/19fa27941c0cc42e6fba6c80b581d22c7ef3f71233d32a8475cc848db5f51b55,1a21714e-64ad-40aa-b01d-d7351a4d775c,12/30/2016 15:58:53.000,f4cc7bca-0b3e-40d0-8f98-7aeb1efcb79b,
20161230153927278_06653,12/30/2016 15:39:27.000,anZfbPb4dvoWziCM5qSpaBxj6DpP6NC6tAt,anJBX5sKFK4vnbywKWE2NQa9xrvLJEqRAB2,BTC,-0.333,LKK,6407.69,19242.31231,5.19688E-05,317.5651164,0.333,bf1413d418d2f933a95ff482473e3904d10ea313bcc5024469eb88638cf1f509,0.0009454,12/30/2016 15:43:07.000,0.002546296,3.666666665,http://coinprism.info/tx/bf1413d418d2f933a95ff482473e3904d10ea313bcc5024469eb88638cf1f509,fbe5c9d2-4398-4789-b657-3aa1bee16b1b,12/30/2016 15:39:27.000,ac06a541-8a9f-4504-9418-d1d8ba8b76cf,
20161230144216426_06649,12/30/2016 14:42:16.000,anN5QgcAJ2iUVNnBCHsPKPou28keFtUJEjs,anJBX5sKFK4vnbywKWE2NQa9xrvLJEqRAB2,BTC,-0.51687868,CHF,500,967.344987,0.001033757,491.7146088,0.51687868,1fbcc262ead68b7a4d07f6cc5f4d79061c645c0da1cb6fb9176b203310722230,0.0009454,12/31/2016 19:33:42.000,1.202384259,1731.433333,http://coinprism.info/tx/1fbcc262ead68b7a4d07f6cc5f4d79061c645c0da1cb6fb9176b203310722230,5dcf5ff9-f435-4bd2-9971-77306d89e4a2,12/30/2016 14:42:16.000,8fa51c12-6a09-4977-8397-bb062ec34590,
20161230144132512_06645,12/30/2016 14:41:32.000,anN5QgcAJ2iUVNnBCHsPKPou28keFtUJEjs,anJBX5sKFK4vnbywKWE2NQa9xrvLJEqRAB2,BTC,-1.0322975,CHF,1000,968.7129921,0.001032298,983.4292177,1.0322975,6de514f7a009f6c7e541d6abc099a62a59df5f3c6d248e295a34a545b3acdf5c,0.0019454,12/31/2016 19:22:45.000,1.195289352,1721.216667,http://coinprism.info/tx/6de514f7a009f6c7e541d6abc099a62a59df5f3c6d248e295a34a545b3acdf5c,96a8c839-17f2-4253-8e37-63a8621fc9fe,12/30/2016 14:41:32.000,96141c6b-78b7-47b0-945f-969c111e7f87,
20161230144104200_06621,12/30/2016 14:41:04.000,anNuWPpMatUAAh9tTvbY6R9hvzwMsiiamaM,anJBX5sKFK4vnbywKWE2NQa9xrvLJEqRAB2,CHF,-1006.6,LKK,20000,19.86886549,0.05033,991.2,1.021423934,7dbcee5989e0857ecf0c65b26df942477f94805a352d13979a4550602c08bc12,0.0011408,12/30/2016 15:50:02.000,0.047893519,68.96666667,http://coinprism.info/tx/7dbcee5989e0857ecf0c65b26df942477f94805a352d13979a4550602c08bc12,af765606-8462-4485-a350-f4ffd280c1d6,12/30/2016 14:41:04.000,1dcb4727-afcd-477a-b4cf-d1a49395eb48,12/30/2016 14:40:06.000
20161230144104200_06625,12/30/2016 14:41:04.000,anNuWPpMatUAAh9tTvbY6R9hvzwMsiiamaM,anJBX5sKFK4vnbywKWE2NQa9xrvLJEqRAB2,CHF,-1008.6,LKK,20000,19.82946659,0.05043,991.2,1.021423934,f2aa58bf6cf4b2ded9fa71e7d8c2f2ec05a8f1d8f140ee05c5aed2a60d3de900,0.0011408,12/30/2016 15:30:03.000,0.034016204,48.98333334,http://coinprism.info/tx/f2aa58bf6cf4b2ded9fa71e7d8c2f2ec05a8f1d8f140ee05c5aed2a60d3de900,af765606-8462-4485-a350-f4ffd280c1d6,12/30/2016 14:41:04.000,29239d36-f888-4060-9fff-f4d612fb2879,12/30/2016 14:40:06.000
20161230144104200_06641,12/30/2016 14:41:04.000,anNuWPpMatUAAh9tTvbY6R9hvzwMsiiamaM,anJBX5sKFK4vnbywKWE2NQa9xrvLJEqRAB2,CHF,-947,LKK,18630.72,19.67341077,0.050830027,923.3384832,0.951493166,25ea97362b70d6187d0b8b8148025920f263facd062e156c5813face5314c388,0.0013908,12/30/2016 14:49:20.000,0.005740741,8.266666671,http://coinprism.info/tx/25ea97362b70d6187d0b8b8148025920f263facd062e156c5813face5314c388,af765606-8462-4485-a350-f4ffd280c1d6,12/30/2016 14:41:04.000,549a649a-786c-44d6-8575-1508db442047,
20161230144104200_06633,12/30/2016 14:41:04.000,anNuWPpMatUAAh9tTvbY6R9hvzwMsiiamaM,anJBX5sKFK4vnbywKWE2NQa9xrvLJEqRAB2,CHF,-1012.6,LKK,20000,19.75113569,0.05063,991.2,1.021423934,920790cc832326a716116efdac268347162dc94299482c845f8163833c5ae2e3,0.0011408,12/30/2016 15:11:16.000,0.020972222,30.20000001,http://coinprism.info/tx/920790cc832326a716116efdac268347162dc94299482c845f8163833c5ae2e3,af765606-8462-4485-a350-f4ffd280c1d6,12/30/2016 14:41:04.000,9d8ddf79-823e-4b79-9919-a3a3c368ec57,12/30/2016 14:40:06.000
20161230144104200_06637,12/30/2016 14:41:04.000,anNuWPpMatUAAh9tTvbY6R9hvzwMsiiamaM,anJBX5sKFK4vnbywKWE2NQa9xrvLJEqRAB2,CHF,-1014.6,LKK,20000,19.71220185,0.05073,991.2,1.021423934,92b271f401b9362a5b2627c6fb2b34d7d48fd585f14a6f570f7fcf530382ba3a,0.0011408,12/30/2016 16:09:46.000,0.061597222,88.7,http://coinprism.info/tx/92b271f401b9362a5b2627c6fb2b34d7d48fd585f14a6f570f7fcf530382ba3a,af765606-8462-4485-a350-f4ffd280c1d6,12/30/2016 14:41:04.000,c9a81a8b-d0e6-471c-84ef-c43e8ed02104,12/30/2016 14:40:06.000
20161230144104200_06629,12/30/2016 14:41:04.000,anNuWPpMatUAAh9tTvbY6R9hvzwMsiiamaM,anJBX5sKFK4vnbywKWE2NQa9xrvLJEqRAB2,CHF,-1010.6,LKK,20000,19.79022363,0.05053,991.2,1.021423934,18ab341a8d6923de9030e3ec3e9d3d6f506613988f3c4f13e02d72e0b96bc230,0.0011408,12/30/2016 15:00:00.000,0.013148148,18.93333334,http://coinprism.info/tx/18ab341a8d6923de9030e3ec3e9d3d6f506613988f3c4f13e02d72e0b96bc230,af765606-8462-4485-a350-f4ffd280c1d6,12/30/2016 14:41:04.000,e34f44a1-3986-4b34-b4a4-0ea828016614,12/30/2016 14:40:06.000
20161230143504912_06617,12/30/2016 14:35:04.000,anF9Y6w6aKArBc5yVRrvggmuxVZ9rqvgMyB,anJBX5sKFK4vnbywKWE2NQa9xrvLJEqRAB2,USD,-2.82,LKK,57.02,20.21985816,0.049456331,2.82,0.00291208,fefe699aae16b09d65bb505bb8b2287fae8198373eecf70b3660f3ec93aa39ac,0.0011408,12/30/2016 14:58:13.000,0.016076389,23.15000001,http://coinprism.info/tx/fefe699aae16b09d65bb505bb8b2287fae8198373eecf70b3660f3ec93aa39ac,a368b675-8fc6-4465-bffb-46675a32327d,12/30/2016 14:35:04.000,4042b22f-a1f9-40a3-8048-e470d100295f,
20161230143438190_06613,12/30/2016 14:34:38.000,anF9Y6w6aKArBc5yVRrvggmuxVZ9rqvgMyB,anJBX5sKFK4vnbywKWE2NQa9xrvLJEqRAB2,SLR,-33.9,USD,2.82,0.083185841,12.0212766,2.82,0.002905988,360178150c2c61828b3f4e9c6e3beb9da7c2fa5e6cbfee14d0ff1051cefe3797,,12/30/2016 14:47:34.000,0.008981481,12.93333333,http://coinprism.info/tx/360178150c2c61828b3f4e9c6e3beb9da7c2fa5e6cbfee14d0ff1051cefe3797,717ae364-05d4-49ad-b7a3-21f3ba282b93,12/30/2016 14:34:38.000,64e06994-3dfa-45f2-8676-7cc07628766f,
20161230143259103_06609,12/30/2016 14:32:59.000,anN5QgcAJ2iUVNnBCHsPKPou28keFtUJEjs,anJBX5sKFK4vnbywKWE2NQa9xrvLJEqRAB2,CHF,-500,BTC,0.51493146,0.001029863,971.0030147,499.6946381,0.51493146,88081244c32c4b3483683667312dbe4d2516aa32bd008a3f678794f5b635f63e,0.0016954,12/31/2016 19:12:59.000,1.194444444,1720,http://coinprism.info/tx/88081244c32c4b3483683667312dbe4d2516aa32bd008a3f678794f5b635f63e,57d51a7f-ff55-429d-a4ca-98f713e3546a,12/30/2016 14:32:59.000,161d0004-fcd8-46ee-977e-8102c13af72a,
20161230142946432_06605,12/30/2016 14:29:46.000,anN5QgcAJ2iUVNnBCHsPKPou28keFtUJEjs,anJBX5sKFK4vnbywKWE2NQa9xrvLJEqRAB2,CHF,-1000,BTC,1.030812,0.001030812,970.1090014,1000.310273,1.030812,7ff8783785bf84d438bf9a38821286e5361fedd8536aa813f46ef44293ff65d2,0.0014454,12/31/2016 18:52:36.000,1.182523148,1702.833333,http://coinprism.info/tx/7ff8783785bf84d438bf9a38821286e5361fedd8536aa813f46ef44293ff65d2,6c8246ce-ac43-45d6-a3e5-89b85082e661,12/30/2016 14:29:46.000,3d505336-e4cc-4100-81ab-da931a23309f,
20161230141052649_06601,12/30/2016 14:10:52.000,anDvuVq49bV47nMWZE3VNFDaww5ew1a9UM8,anJBX5sKFK4vnbywKWE2NQa9xrvLJEqRAB2,USD,-16205.42,BTC,17.00606556,0.001049406,952.9200004,16205.42,17.00606556,8042cca049ec8b88045e876776c18f2d0c72fceac579ac9f951b53ccbd82e94d,0.0016954,12/31/2016 17:56:22.000,1.156597222,1665.5,http://coinprism.info/tx/8042cca049ec8b88045e876776c18f2d0c72fceac579ac9f951b53ccbd82e94d,3ceb3934-e70a-4c6e-91ef-59e4128b91b5,12/30/2016 14:10:52.000,b7300465-109e-4ceb-8976-d38bd7b98f8f,
20161230134003200_06597,12/30/2016 13:40:03.000,anDvuVq49bV47nMWZE3VNFDaww5ew1a9UM8,anJBX5sKFK4vnbywKWE2NQa9xrvLJEqRAB2,BTC,-17,USD,16205.42,953.26,0.001049032,16205.42,17,fa599a03446521e3207305d85fc901e1653e049f1d4fb398e84b36d71c121356,0.0014454,12/31/2016 17:10:25.000,1.146087963,1650.366667,http://coinprism.info/tx/fa599a03446521e3207305d85fc901e1653e049f1d4fb398e84b36d71c121356,31a55ebd-8176-4b6c-93d8-78727727e3ba,12/30/2016 13:40:03.000,b5b7d409-e0d1-4d53-805c-6010b341ee90,
20161230130132757_06589,12/30/2016 13:01:32.000,anLwaLDho5yNGeUxE3opYXPcsWqEkqh4oiF,anJBX5sKFK4vnbywKWE2NQa9xrvLJEqRAB2,BTC,-1.04,LKK,19938.38,19171.51923,5.21607E-05,988.1461128,1.04,,,,,,http://coinprism.info/tx/,3067da52-2bda-4c89-bcb0-c9ef9607189c,12/30/2016 13:01:32.000,4eee9989-8e8b-4e8e-a3c1-8c8db512673b,12/30/2016 13:01:31.000
20161230130132757_06593,12/30/2016 13:01:32.000,anLwaLDho5yNGeUxE3opYXPcsWqEkqh4oiF,anJBX5sKFK4vnbywKWE2NQa9xrvLJEqRAB2,BTC,-0.96,LKK,18380.57,19146.42708,5.22291E-05,910.9410492,0.96,,,,,,http://coinprism.info/tx/,3067da52-2bda-4c89-bcb0-c9ef9607189c,12/30/2016 13:01:32.000,6688efb7-c867-4cff-9b29-1b36a83e4cdb,
20161230125310846_06581,12/30/2016 12:53:10.000,anLwaLDho5yNGeUxE3opYXPcsWqEkqh4oiF,anJBX5sKFK4vnbywKWE2NQa9xrvLJEqRAB2,LKK,-20092.9,BTC,1.04,5.17596E-05,19320.09615,1009.2264,1.04,,,,,,http://coinprism.info/tx/,19d5fca0-1eb6-4877-96bc-eaa93378d555,12/30/2016 12:53:10.000,20cf9294-5165-488e-b4e3-ddf9db4889ad,12/30/2016 12:53:10.000
20161230125310846_06585,12/30/2016 12:53:10.000,anLwaLDho5yNGeUxE3opYXPcsWqEkqh4oiF,anJBX5sKFK4vnbywKWE2NQa9xrvLJEqRAB2,LKK,-18571.38,BTC,0.96,5.16924E-05,19345.1875,931.5936,0.96,,,,,,http://coinprism.info/tx/,19d5fca0-1eb6-4877-96bc-eaa93378d555,12/30/2016 12:53:10.000,c45f2402-495f-4f00-96c1-b540db8d70a1,
20161230124753911_06577,12/30/2016 12:47:53.000,anDvuVq49bV47nMWZE3VNFDaww5ew1a9UM8,anJBX5sKFK4vnbywKWE2NQa9xrvLJEqRAB2,USD,-16161.05,BTC,17.03314713,0.001053963,948.8000002,16161.05,17.03314713,56491585618e0617b805920fd3ca5fc1e89ab71cd7c1a73022074e0aefa8d246,0.0016954,12/31/2016 17:10:25.000,1.182314815,1702.533333,http://coinprism.info/tx/56491585618e0617b805920fd3ca5fc1e89ab71cd7c1a73022074e0aefa8d246,0cba7d67-dcb4-466d-88a1-5ba8bb2ff4c9,12/30/2016 12:47:53.000,56848b32-64a3-4c8c-bd9b-20caf1eee357,
20161230124629507_06573,12/30/2016 12:46:29.000,anDvuVq49bV47nMWZE3VNFDaww5ew1a9UM8,anJBX5sKFK4vnbywKWE2NQa9xrvLJEqRAB2,BTC,-17,USD,16161.05,950.65,0.001051912,16161.05,17,b079ea7ef73b6da20119dfdac66667726bb73dfd5fcfba0e8a3e5fc8ce08537b,0.0014454,12/31/2016 16:41:26.000,1.163159722,1674.95,http://coinprism.info/tx/b079ea7ef73b6da20119dfdac66667726bb73dfd5fcfba0e8a3e5fc8ce08537b,a1f85974-969a-4433-87d9-412a2a772df4,12/30/2016 12:46:29.000,4e731b76-b8c2-4aa7-8075-78f4d6cffda5,
20161230123932656_06569,12/30/2016 12:39:32.000,anDvuVq49bV47nMWZE3VNFDaww5ew1a9UM8,anJBX5sKFK4vnbywKWE2NQa9xrvLJEqRAB2,USD,-16165.3,BTC,17.03421532,0.001053752,948.9900002,16165.3,17.03421532,1ecc4ee734532ab4dc8729673329fbe3114095799a247f5153c6a3e2d4893539,0.0019454,12/31/2016 16:15:23.000,1.149895833,1655.85,http://coinprism.info/tx/1ecc4ee734532ab4dc8729673329fbe3114095799a247f5153c6a3e2d4893539,ce7ae66a-2514-47b2-aeaa-469e7260cadf,12/30/2016 12:39:32.000,f2a1a122-c8b1-4788-aec1-9c1a65eae856,
20161230123250102_06565,12/30/2016 12:32:50.000,anDvuVq49bV47nMWZE3VNFDaww5ew1a9UM8,anJBX5sKFK4vnbywKWE2NQa9xrvLJEqRAB2,BTC,-17,USD,16165.3,950.9,0.001051635,16165.3,17,254a6f545eae8c432c892d20e837848ad7de25d5c458cc21d991ff4975c61856,0.0014454,12/31/2016 16:15:23.000,1.154548611,1662.55,http://coinprism.info/tx/254a6f545eae8c432c892d20e837848ad7de25d5c458cc21d991ff4975c61856,484d050d-8996-4dd2-b836-96030238842f,12/30/2016 12:32:50.000,6e74624d-b12c-4f9b-8b09-2ace8e227a74,
20161230122854990_06561,12/30/2016 12:28:54.000,anT7JkEZ53idKyK52jvfRgiu6qdZm2gP2YG,anJBX5sKFK4vnbywKWE2NQa9xrvLJEqRAB2,CHF,-108,BTC,0.11150965,0.001032497,968.5260424,108.2100795,0.11150965,a2cec1d33e336a5e4bd7c5b96449b72e0f3c84b60dc0227c5b29dcd971535c84,0.0009454,,,,http://coinprism.info/tx/a2cec1d33e336a5e4bd7c5b96449b72e0f3c84b60dc0227c5b29dcd971535c84,6f57572b-fc92-4f40-8768-d240d5cde00b,12/30/2016 12:28:54.000,f4edf1ff-cac8-40c1-be71-c4d5b4f7fcc4,
20161230122829180_06557,12/30/2016 12:28:29.000,anDvuVq49bV47nMWZE3VNFDaww5ew1a9UM8,anJBX5sKFK4vnbywKWE2NQa9xrvLJEqRAB2,USD,-16185.53,BTC,17.01966371,0.001051536,950.9900005,16185.53,17.01966371,89be70c94d97254dfbd76ad10c146e2f16c317f177debcc6697c5e06f4933a51,0.0021954,12/31/2016 14:23:00.000,1.079525463,1554.516667,http://coinprism.info/tx/89be70c94d97254dfbd76ad10c146e2f16c317f177debcc6697c5e06f4933a51,dd28bdd9-2dfc-4d42-a844-13e692b9d6b2,12/30/2016 12:28:29.000,198cb153-e8cc-4f83-bcf6-3a688770347a,
20161230122418453_06553,12/30/2016 12:24:18.000,anDvuVq49bV47nMWZE3VNFDaww5ew1a9UM8,anJBX5sKFK4vnbywKWE2NQa9xrvLJEqRAB2,BTC,-17,USD,16185.53,952.09,0.001050321,16185.53,17,17f27e0b85cb050d2b5d63c4bfa765be7d02f6170c79eeda4fa90303aaf9f4a2,0.0014454,12/31/2016 13:28:58.000,1.044907407,1504.666667,http://coinprism.info/tx/17f27e0b85cb050d2b5d63c4bfa765be7d02f6170c79eeda4fa90303aaf9f4a2,064418c1-5a3b-4755-923b-df985510dc8c,12/30/2016 12:24:18.000,76865b93-bb7c-4433-8c7c-baa83208e06c,
20161230122128401_06549,12/30/2016 12:21:28.000,anLQuEH7MnXECzAtkWKMuB7f1VCqoEuSiHn,anJBX5sKFK4vnbywKWE2NQa9xrvLJEqRAB2,USD,-8.35,SLR,100,11.9760479,0.0835,8.35,0.008775467,919f6a0f87a0820f5716d28ca8c826ba43634c68ca87e5858ff520ca89b1f8f7,,12/30/2016 12:26:31.000,0.003506944,5.049999997,http://coinprism.info/tx/919f6a0f87a0820f5716d28ca8c826ba43634c68ca87e5858ff520ca89b1f8f7,91b1f213-7722-412b-be66-314e7766c46d,12/30/2016 12:21:28.000,8c45d3fc-8a01-45b8-8511-4568cba81687,
20161230115532288_06545,12/30/2016 11:55:32.000,anDvuVq49bV47nMWZE3VNFDaww5ew1a9UM8,anJBX5sKFK4vnbywKWE2NQa9xrvLJEqRAB2,USD,-16046.64,BTC,17.00144092,0.001059502,943.8400001,16046.64,17.00144092,1b6a4b58660dcc59681940e525b0746bb1e2c6231dc76ee8e5ad827be2abce75,0.0014454,12/31/2016 11:52:49.000,0.998113426,1437.283333,http://coinprism.info/tx/1b6a4b58660dcc59681940e525b0746bb1e2c6231dc76ee8e5ad827be2abce75,1fb03ac1-6dbe-448c-9167-806b11030467,12/30/2016 11:55:32.000,4f2f8868-442b-4301-889d-92837a0105de,
20161230113630869_06541,12/30/2016 11:36:30.000,anDvuVq49bV47nMWZE3VNFDaww5ew1a9UM8,anJBX5sKFK4vnbywKWE2NQa9xrvLJEqRAB2,BTC,-17,USD,16046.64,943.92,0.001059412,16046.64,17,8001483a9f19ea7ce083ea6a2954cf2d173ad835698f4bca9c9a016d33c7fe7c,0.0014454,12/31/2016 11:52:49.000,1.011331019,1456.316667,http://coinprism.info/tx/8001483a9f19ea7ce083ea6a2954cf2d173ad835698f4bca9c9a016d33c7fe7c,2ce9613f-ea5f-4ee0-9006-ca85df40d33b,12/30/2016 11:36:30.000,81c33dbb-844a-45bf-9ac1-fa967544594a,
20161230112936342_06537,12/30/2016 11:29:36.000,anDvuVq49bV47nMWZE3VNFDaww5ew1a9UM8,anJBX5sKFK4vnbywKWE2NQa9xrvLJEqRAB2,USD,-15997.51,BTC,17.00722919,0.001063117,940.6300004,15997.51,17.00722919,8f7982e27a7db3820b40be18e33b3593e916892685a70083507a9ad65ea5545e,0.0021954,12/31/2016 11:42:49.000,1.009178241,1453.216667,http://coinprism.info/tx/8f7982e27a7db3820b40be18e33b3593e916892685a70083507a9ad65ea5545e,e680ef8b-6e05-48b6-871d-07fda6133cbc,12/30/2016 11:29:36.000,0a9550d1-bed7-44a8-b4be-24ce2f94bdb9,
20161230111800339_06533,12/30/2016 11:18:00.000,anDvuVq49bV47nMWZE3VNFDaww5ew1a9UM8,anJBX5sKFK4vnbywKWE2NQa9xrvLJEqRAB2,BTC,-17,USD,15997.51,941.03,0.001062665,15997.51,17,aa3dad3141605f1e0f6de74748726317cdd35cdaa2340a95ffc18467b9bb0572,0.0016954,12/31/2016 11:12:18.000,0.996041667,1434.3,http://coinprism.info/tx/aa3dad3141605f1e0f6de74748726317cdd35cdaa2340a95ffc18467b9bb0572,49b8e03e-be31-4e20-9b53-f2c156744cd8,12/30/2016 11:18:00.000,068b81f0-6433-445c-859e-0b9b72d874ed,
20161230110706006_06529,12/30/2016 11:07:06.000,anSpFTdVDmFGuCps4fYe1iYHYTM4z3G4dPA,anJBX5sKFK4vnbywKWE2NQa9xrvLJEqRAB2,BTC,-0.218353,LKK,4158.63,19045.44476,5.2506E-05,206.1017028,0.218353,e5b54d7878447491f83918d745cf71f867b8368ca9edc1201900cfbac4ef01e2,0.0011954,12/30/2016 11:12:06.000,0.003472222,5.000000006,http://coinprism.info/tx/e5b54d7878447491f83918d745cf71f867b8368ca9edc1201900cfbac4ef01e2,4adcd1c7-e9ef-4956-9d4c-64475d7e921c,12/30/2016 11:07:06.000,f3c77717-2e20-4e8f-ba16-7dc53f231c13,
20161230110450550_06525,12/30/2016 11:04:50.000,anDvuVq49bV47nMWZE3VNFDaww5ew1a9UM8,anJBX5sKFK4vnbywKWE2NQa9xrvLJEqRAB2,USD,-15997.34,BTC,17.01898996,0.001063864,939.9700004,15997.34,17.01898996,620196b03d2554ae615ea9c6ea6f383f8cd52cabbde504d0a0dcd892da4b8361,0.0014454,12/31/2016 10:02:44.000,0.956875,1377.9,http://coinprism.info/tx/620196b03d2554ae615ea9c6ea6f383f8cd52cabbde504d0a0dcd892da4b8361,f1a021f2-4b45-44bd-b313-ec4524a5b32b,12/30/2016 11:04:50.000,4bbef887-2e10-4d40-8527-c05c8316fea0,
20161230105348576_06521,12/30/2016 10:53:48.000,anDvuVq49bV47nMWZE3VNFDaww5ew1a9UM8,anJBX5sKFK4vnbywKWE2NQa9xrvLJEqRAB2,BTC,-17,USD,15997.34,941.02,0.001062677,15997.34,17,3648a8db8ed4a682781833ad00be6e8d2bac995ecf902e70537ac530bc9f7452,0.0014454,12/31/2016 9:51:54.000,0.957013889,1378.1,http://coinprism.info/tx/3648a8db8ed4a682781833ad00be6e8d2bac995ecf902e70537ac530bc9f7452,583dbf16-2189-4e09-ba58-a0209b5df544,12/30/2016 10:53:48.000,d6d01925-2d3d-4399-a1cf-34cd8c9763d5,
20161230103702644_06517,12/30/2016 10:37:02.000,anDvuVq49bV47nMWZE3VNFDaww5ew1a9UM8,anJBX5sKFK4vnbywKWE2NQa9xrvLJEqRAB2,USD,-15988.16,BTC,16.98086114,0.00106209,941.5400001,15988.16,16.98086114,60e41c9d4685ead776674b7a6a563fa18c8a5d1db020e3940ba777700204c45f,0.0014454,12/31/2016 9:51:54.000,0.968657407,1394.866667,http://coinprism.info/tx/60e41c9d4685ead776674b7a6a563fa18c8a5d1db020e3940ba777700204c45f,3529a0b9-cbbc-4ee5-bd3f-17b688c1b752,12/30/2016 10:37:02.000,dd65c8ab-a971-4d21-9e2c-ac11827750c5,
20161230103407386_06513,12/30/2016 10:34:07.000,anDvuVq49bV47nMWZE3VNFDaww5ew1a9UM8,anJBX5sKFK4vnbywKWE2NQa9xrvLJEqRAB2,BTC,-17,USD,15977.79,939.87,0.001063977,15977.79,17,85fdfdb2b9f3e6ff57c9124efc419aef4badc9d6824d6a7db230b12604efc532,0.0014454,12/31/2016 9:40:44.000,0.962928241,1386.616667,http://coinprism.info/tx/85fdfdb2b9f3e6ff57c9124efc419aef4badc9d6824d6a7db230b12604efc532,9f6e864b-4afa-4bc5-a06b-b794fdb2dd8b,12/30/2016 10:34:07.000,d86bed61-b6c8-4a54-9dc0-da4daae985c1,
20161230101957602_06509,12/30/2016 10:19:57.000,anEq1HHBMtxBvMwTxipXvBNteMLVE8cCdrS,anJBX5sKFK4vnbywKWE2NQa9xrvLJEqRAB2,SLR,-1744,BTC,0.15158848,0.00008692,11504.83203,147.1029769,0.15158848,1e336b8ef3eb899114f2c746c3e756660e95a7c4fa3f75489f3f7bae5acec8bf,,12/30/2016 10:30:47.000,0.007523148,10.83333334,http://coinprism.info/tx/1e336b8ef3eb899114f2c746c3e756660e95a7c4fa3f75489f3f7bae5acec8bf,5913ea29-2cac-4aa3-acd7-78800b89d4ba,12/30/2016 10:19:57.000,21d66e41-ca8e-482a-8412-53be2d6dc809,
20161230101957602_06505,12/30/2016 10:19:57.000,anEq1HHBMtxBvMwTxipXvBNteMLVE8cCdrS,anMUe3LgGapNHxKsGxmtbsPpNeC33sa7y9a,SLR,-4000,BTC,0.3484,0.0000871,11481.05626,338.090844,0.3484,fd1cc4588da343af935aa728da0e56e65d163936f42327152acde875836dfaaf,,12/30/2016 10:30:47.000,0.007523148,10.83333334,http://coinprism.info/tx/fd1cc4588da343af935aa728da0e56e65d163936f42327152acde875836dfaaf,5913ea29-2cac-4aa3-acd7-78800b89d4ba,12/30/2016 10:19:57.000,67557b68-80ad-47d6-9108-495f0c809d65,12/30/2016 9:04:21.000
20161230101605548_06501,12/30/2016 10:16:05.000,anDvuVq49bV47nMWZE3VNFDaww5ew1a9UM8,anJBX5sKFK4vnbywKWE2NQa9xrvLJEqRAB2,USD,-15866.78,BTC,17.04382666,0.001074183,930.9400005,15866.78,17.04382666,4e124423d149c6a5622c83cdca67bec752e39711a3001cf4866a25f46af7e490,0.0014454,12/31/2016 8:59:48.000,0.947025463,1363.716667,http://coinprism.info/tx/4e124423d149c6a5622c83cdca67bec752e39711a3001cf4866a25f46af7e490,2bb04153-975b-486b-9a0e-536688127410,12/30/2016 10:16:05.000,55157580-04de-4e31-aba0-364eba2e2b11,
20161230100644007_06497,12/30/2016 10:06:44.000,anDvuVq49bV47nMWZE3VNFDaww5ew1a9UM8,anJBX5sKFK4vnbywKWE2NQa9xrvLJEqRAB2,BTC,-17,USD,15877.15,933.95,0.001070721,15877.15,17,ab1885fb2ab88d4390b0b93e6ff29efa86bad1d3c5b6ce7eb02f3a2de9fba1b2,0.0014454,12/31/2016 8:50:31.000,0.947071759,1363.783333,http://coinprism.info/tx/ab1885fb2ab88d4390b0b93e6ff29efa86bad1d3c5b6ce7eb02f3a2de9fba1b2,eccd6619-7eaf-419e-bc14-bf8844dbfd3d,12/30/2016 10:06:44.000,b64b0fc3-b6bd-45cc-9c9d-ea07958d30ad,
20161230100601554_06493,12/30/2016 10:06:01.000,anDvuVq49bV47nMWZE3VNFDaww5ew1a9UM8,anJBX5sKFK4vnbywKWE2NQa9xrvLJEqRAB2,USD,-15866.78,BTC,16.99908934,0.001071364,933.3900001,15866.78,16.99908934,02bdcdddca2916c4ed25ee1ad58afbb29039259f27af08b95010d4f8ac275133,0.0014454,12/31/2016 8:39:01.000,0.939583333,1353,http://coinprism.info/tx/02bdcdddca2916c4ed25ee1ad58afbb29039259f27af08b95010d4f8ac275133,e6d2df83-bc2d-411a-8c64-4ea9ca643e80,12/30/2016 10:06:01.000,b1e7281b-d56f-44bc-a216-60f30303ca8d,
20161230100519081_06489,12/30/2016 10:05:19.000,anDvuVq49bV47nMWZE3VNFDaww5ew1a9UM8,anJBX5sKFK4vnbywKWE2NQa9xrvLJEqRAB2,BTC,-17,USD,15866.78,933.34,0.001071421,15866.78,17,7501e2138091d3dca791d8c32c574c38595f0cd687d1380e436afafcaab64138,0.0014454,12/31/2016 8:27:49.000,0.932291667,1342.5,http://coinprism.info/tx/7501e2138091d3dca791d8c32c574c38595f0cd687d1380e436afafcaab64138,3f8ff5e8-ffa1-4f7d-b921-b7971bff0fd3,12/30/2016 10:05:19.000,7da20277-06c7-4a5c-ae6c-7cd53332056d,
20161230100321337_06485,12/30/2016 10:03:21.000,anDvuVq49bV47nMWZE3VNFDaww5ew1a9UM8,anJBX5sKFK4vnbywKWE2NQa9xrvLJEqRAB2,USD,-15906.9,BTC,17.02019067,0.001069988,934.5900001,15906.9,17.02019067,b7c00c07e17dd48104544346f0d0d952d9314b82b29c1fcecb339e3d9242bb12,0.0014454,12/31/2016 8:27:49.000,0.933657407,1344.466667,http://coinprism.info/tx/b7c00c07e17dd48104544346f0d0d952d9314b82b29c1fcecb339e3d9242bb12,1d8a9edf-d20a-4a15-845c-32e43851f31e,12/30/2016 10:03:21.000,922b647a-d01a-4428-a988-84571a64ff62,
20161230095158614_06481,12/30/2016 9:51:58.000,anDvuVq49bV47nMWZE3VNFDaww5ew1a9UM8,anJBX5sKFK4vnbywKWE2NQa9xrvLJEqRAB2,BTC,-17,USD,15906.9,935.7,0.001068719,15906.9,17,b47fa2376b9361b8222a2b1a905ade52d3969411e4680ec33ea0ee4e7b54aedd,0.0014454,12/31/2016 7:58:20.000,0.921087963,1326.366667,http://coinprism.info/tx/b47fa2376b9361b8222a2b1a905ade52d3969411e4680ec33ea0ee4e7b54aedd,93af77b3-6f1b-4c20-b306-3b09e107d5ad,12/30/2016 9:51:58.000,17633782-80bd-46ec-8e3c-9ac6a5f48dc3,
20161230093848526_06477,12/30/2016 9:38:48.000,anDvuVq49bV47nMWZE3VNFDaww5ew1a9UM8,anJBX5sKFK4vnbywKWE2NQa9xrvLJEqRAB2,USD,-16117.19,BTC,17.07709342,0.001059558,943.7900001,16117.19,17.07709342,2d8e27d7522061bc6100ebb899ce861f63ce37366702194f6ba6815f864d0c36,0.0014454,12/31/2016 7:58:20.000,0.930231481,1339.533333,http://coinprism.info/tx/2d8e27d7522061bc6100ebb899ce861f63ce37366702194f6ba6815f864d0c36,404f1765-9e9c-4e65-8527-8489a9126b77,12/30/2016 9:38:48.000,354ef0eb-6403-4b94-944d-52339ba8ad38,
20161230092528389_06473,12/30/2016 9:25:28.000,anDvuVq49bV47nMWZE3VNFDaww5ew1a9UM8,anJBX5sKFK4vnbywKWE2NQa9xrvLJEqRAB2,BTC,-17,USD,16117.19,948.07,0.001054774,16117.19,17,7a32f2410ecfe418b40c7924fb50c8b552452782e7308026af93c40a47286327,0.0014454,12/31/2016 7:47:16.000,0.931805556,1341.8,http://coinprism.info/tx/7a32f2410ecfe418b40c7924fb50c8b552452782e7308026af93c40a47286327,7ce1f3b3-e3f9-4271-90f3-1cadb38992f5,12/30/2016 9:25:28.000,7ad65e33-4a10-4b3a-9a9a-184efd05fca9,
20161230092158681_06469,12/30/2016 9:21:58.000,anVF5tBq5xhPGJXU5RxDHLAAJzGsGybsVUg,anJBX5sKFK4vnbywKWE2NQa9xrvLJEqRAB2,GBP,-1999.43,BTC,2.59,0.001295369,771.980695,2513.3619,2.59,448212030a60a8f004f5403e733d3642c47ee57d8ea27ad622f26a544c85196c,0.0011954,12/30/2016 9:31:18.000,0.006481481,9.333333336,http://coinprism.info/tx/448212030a60a8f004f5403e733d3642c47ee57d8ea27ad622f26a544c85196c,5bac5024-0e06-4438-97cf-e955d5f13614,12/30/2016 9:21:58.000,740cc9ae-9fee-4359-b7c3-49567b4d29cc,
20161230090805225_06465,12/30/2016 9:08:05.000,anDvuVq49bV47nMWZE3VNFDaww5ew1a9UM8,anJBX5sKFK4vnbywKWE2NQa9xrvLJEqRAB2,USD,-16091.35,BTC,17.00305374,0.001056658,946.3800001,16091.35,17.00305374,50017c89ddac0e705e3c1c00652f8d783cae589fb3d06a4190edeea830db1479,0.0014454,12/31/2016 7:27:06.000,0.929872685,1339.016667,http://coinprism.info/tx/50017c89ddac0e705e3c1c00652f8d783cae589fb3d06a4190edeea830db1479,ef44cfce-15f6-4d1f-8eff-c7b853a9bedd,12/30/2016 9:08:05.000,dcf8d42f-6b59-4e07-bbb0-6b54421de50a,
20161230090648997_06461,12/30/2016 9:06:48.000,anDvuVq49bV47nMWZE3VNFDaww5ew1a9UM8,anJBX5sKFK4vnbywKWE2NQa9xrvLJEqRAB2,BTC,-17,USD,16091.35,946.55,0.001056468,16091.35,17,4534bde3aef46df6124ab7018f1ea18d19ccf79f6c276d29509a91d0eed7d299,0.0014454,12/31/2016 7:18:06.000,0.924513889,1331.3,http://coinprism.info/tx/4534bde3aef46df6124ab7018f1ea18d19ccf79f6c276d29509a91d0eed7d299,477582ee-3244-4ac6-90f0-57d6d867f77b,12/30/2016 9:06:48.000,71a19473-ffd8-4015-b2c6-a8fba98a0e40,
20161230085912781_06457,12/30/2016 8:59:12.000,anVXM5PBpRnFxTt3JCpZ9SALMDdy5qEEGrK,anJBX5sKFK4vnbywKWE2NQa9xrvLJEqRAB2,BTC,-0.02634,SLR,300,11389.52164,8.78E-05,25.547403,0.02634,1b28840134b218197ff3f1ff4e0f3c7db2c71f62c9c1ac81c019d1abfe51af2e,,12/30/2016 9:02:46.000,0.002476852,3.566666662,http://coinprism.info/tx/1b28840134b218197ff3f1ff4e0f3c7db2c71f62c9c1ac81c019d1abfe51af2e,e884ac26-6a6c-45cd-ad09-31e0611db11c,12/30/2016 8:59:12.000,0cadfc91-c18d-4e88-baf1-304d026041a7,
20161230084526878_06453,12/30/2016 8:45:26.000,anSe4WzoKSyfNs2a7xbwMkAEZYRd6adsXZu,anJBX5sKFK4vnbywKWE2NQa9xrvLJEqRAB2,USD,-996.01,BTC,1.05041077,0.001054619,948.2100036,996.01,1.05041077,226e03a1aa06f673f1f6310610363b7bfbc8918129b3c2d369a85ff5ec927503,0.0009454,,,,http://coinprism.info/tx/226e03a1aa06f673f1f6310610363b7bfbc8918129b3c2d369a85ff5ec927503,304b7d4f-a6aa-40b6-804f-5fde7cb046ce,12/30/2016 8:45:26.000,30af47de-c630-4d2b-9cea-5908b26b9540,
20161230082955206_06449,12/30/2016 8:29:55.000,anDvuVq49bV47nMWZE3VNFDaww5ew1a9UM8,anJBX5sKFK4vnbywKWE2NQa9xrvLJEqRAB2,USD,-16117.71,BTC,17.01346915,0.001055576,947.35,16117.71,17.01346915,0fa056705030a899b203d0a4f98962b4217da788cbceb7077a51b3535b1f9f49,0.0014454,12/31/2016 7:08:49.000,0.943680556,1358.9,http://coinprism.info/tx/0fa056705030a899b203d0a4f98962b4217da788cbceb7077a51b3535b1f9f49,31d2a525-8944-4124-9165-916c3561d0e6,12/30/2016 8:29:55.000,64e05bf3-9818-4f24-98f8-8fc0e1af43c9,
20161230082415641_06445,12/30/2016 8:24:15.000,anDvuVq49bV47nMWZE3VNFDaww5ew1a9UM8,anJBX5sKFK4vnbywKWE2NQa9xrvLJEqRAB2,BTC,-17,USD,16117.7,948.1,0.001054741,16117.7,17,d3b31a0a96097e05c7e53f265599f9fd41cdf35780da1b4fa81bfe8ac47c9fa0,0.0014454,12/31/2016 6:59:49.000,0.941365741,1355.566667,http://coinprism.info/tx/d3b31a0a96097e05c7e53f265599f9fd41cdf35780da1b4fa81bfe8ac47c9fa0,fa0be264-06dc-4315-aa68-301bd0da5162,12/30/2016 8:24:15.000,e4d5606f-142b-4917-a9d4-01993e4462f3,
20161230080737470_06441,12/30/2016 8:07:37.000,anVHKcjmPV6adJehcS6uKqcNu6n4nuGEca2,anJBX5sKFK4vnbywKWE2NQa9xrvLJEqRAB2,USD,-700,BTC,0.73758745,0.001053696,949.0400087,700,0.73758745,f82a0dfe0e006f28efa5b3928a71fe7c600ae3fbfaf1c9fc8f8d312f7094cd2a,0.0014454,12/30/2016 8:17:23.000,0.006782407,9.766666666,http://coinprism.info/tx/f82a0dfe0e006f28efa5b3928a71fe7c600ae3fbfaf1c9fc8f8d312f7094cd2a,1dff4dc2-053f-4d7a-a9c5-0b273cc42ed8,12/30/2016 8:07:37.000,4585a8a9-5bfe-4ca4-953a-4821af51d9d6,
20161230073411139_06437,12/30/2016 7:34:11.000,anRT3d2ELunWvR5c5f9hsv871TAyLQ4w79H,anJBX5sKFK4vnbywKWE2NQa9xrvLJEqRAB2,CHF,-50,LKK,993.44,19.8688,0.050330166,49.2348864,0.05073617,490fa56ff55f519291e66bec8be2b6051fe44a51aa3b4b095313a8ed7dd2fc60,0.0011408,12/30/2016 7:50:22.000,0.011238426,16.18333333,http://coinprism.info/tx/490fa56ff55f519291e66bec8be2b6051fe44a51aa3b4b095313a8ed7dd2fc60,c35c4d7c-bc04-40c3-8f45-ce4a113a19a7,12/30/2016 7:34:11.000,72cd78d2-bf38-4e7f-bd7a-c3cdf80a0bdc,
20161230073345355_06433,12/30/2016 7:33:45.000,anRT3d2ELunWvR5c5f9hsv871TAyLQ4w79H,anJBX5sKFK4vnbywKWE2NQa9xrvLJEqRAB2,CHF,-150,BTC,0.15368317,0.001024554,976.0340055,149.135685,0.15368317,e37966d6521d09d857e19bd03050eb7cc482fb5c39811f95ef0d90d8d7023c6f,0.0009454,12/30/2016 7:39:01.000,0.003657407,5.266666672,http://coinprism.info/tx/e37966d6521d09d857e19bd03050eb7cc482fb5c39811f95ef0d90d8d7023c6f,5ee5286c-8e05-4485-8c75-40ce633cf550,12/30/2016 7:33:45.000,d1ea7f93-a799-451a-bf5f-9c1255d7a968,
20161230073057872_06429,12/30/2016 7:30:57.000,anDvuVq49bV47nMWZE3VNFDaww5ew1a9UM8,anJBX5sKFK4vnbywKWE2NQa9xrvLJEqRAB2,USD,-16228.87,BTC,16.97989055,0.001046277,955.7700005,16228.87,16.97989055,6395200223ce4e35185fa84975b8d7b216bdc52c3e7fa4a8a6ad6644de82ed82,0.0014454,12/31/2016 6:49:38.000,0.97130787,1398.683333,http://coinprism.info/tx/6395200223ce4e35185fa84975b8d7b216bdc52c3e7fa4a8a6ad6644de82ed82,c8c41baf-9183-4d41-8d23-bbeb09cac2a2,12/30/2016 7:30:57.000,cca23dd3-2e9a-4745-aa49-ef57776949be,
20161230072602639_06425,12/30/2016 7:26:02.000,anDvuVq49bV47nMWZE3VNFDaww5ew1a9UM8,anJBX5sKFK4vnbywKWE2NQa9xrvLJEqRAB2,BTC,-17,USD,16228.88,954.64,0.001047515,16228.88,17,4e0fba1c2d351507bb5bacc98a2e5fb0423cc5d785d982479ac514da1c359cc9,0.0014454,12/31/2016 6:49:38.000,0.974722222,1403.6,http://coinprism.info/tx/4e0fba1c2d351507bb5bacc98a2e5fb0423cc5d785d982479ac514da1c359cc9,93e70c28-8e0a-4ba4-9c8e-4a3059c6ab09,12/30/2016 7:26:02.000,743224b4-a5e0-4ec7-a90b-e3ddeb24ef60,
20161230070503613_06421,12/30/2016 7:05:03.000,anSaHcCsfVNLrwiiq939uKjQao6ehe2fa34,anJBX5sKFK4vnbywKWE2NQa9xrvLJEqRAB2,LKK,-20000,BTC,1.02792935,5.13965E-05,19456.59009,997.5129205,1.02792935,5717a456bec333212f06d07affe1a63c3753d4ee07a391696e505b0fddc08d3c,0.0009454,,,,http://coinprism.info/tx/5717a456bec333212f06d07affe1a63c3753d4ee07a391696e505b0fddc08d3c,4bce6865-bdb3-45d8-8fbd-d112e83767ee,12/30/2016 7:05:03.000,564ddf06-00c9-4a3b-8990-ad2366e337dc,
20161230064633724_06417,12/30/2016 6:46:33.000,anDvuVq49bV47nMWZE3VNFDaww5ew1a9UM8,anJBX5sKFK4vnbywKWE2NQa9xrvLJEqRAB2,USD,-16138.27,BTC,16.98854676,0.001052687,949.9500003,16138.27,16.98854676,84a94e360cc69d3e17f30fab277e53060ef0f25f48ca7b74ef4318d6da2806cc,0.0014454,12/31/2016 6:20:22.000,0.98181713,1413.816667,http://coinprism.info/tx/84a94e360cc69d3e17f30fab277e53060ef0f25f48ca7b74ef4318d6da2806cc,ec1bdc9e-9100-4e78-a809-f5b1774becf9,12/30/2016 6:46:33.000,93a2e852-7cdf-49b8-a15a-75eff0d514a2,
20161230062318605_06413,12/30/2016 6:23:18.000,anDvuVq49bV47nMWZE3VNFDaww5ew1a9UM8,anJBX5sKFK4vnbywKWE2NQa9xrvLJEqRAB2,BTC,-17,USD,16138.27,949.31,0.001053397,16138.27,17,479509fef912bf28ead578aedb5465782661af106126bf5dad81d520967564d7,0.0014454,12/31/2016 6:10:30.000,0.991111111,1427.2,http://coinprism.info/tx/479509fef912bf28ead578aedb5465782661af106126bf5dad81d520967564d7,33542fd1-db48-4e4c-bc10-6623cea2dc87,12/30/2016 6:23:18.000,d1537b9a-2013-4d36-9cd1-1baaa98a5ace,
20161230044614448_06409,12/30/2016 4:46:14.000,anF9Y6w6aKArBc5yVRrvggmuxVZ9rqvgMyB,anJBX5sKFK4vnbywKWE2NQa9xrvLJEqRAB2,BTC,-0.00210607,LKK,40.66,19306.10094,5.17971E-05,2.0151096,0.00210607,bfdbdfe42ff012dea38cf4c70969a20cbdbdc88589f12481bf6a7641f90d9958,0.0009454,12/30/2016 8:52:14.000,0.170833333,246,http://coinprism.info/tx/bfdbdfe42ff012dea38cf4c70969a20cbdbdc88589f12481bf6a7641f90d9958,473b1fdf-d6cf-4a18-bfda-9df7fe847d54,12/30/2016 4:46:14.000,e96215e2-fd65-418d-a748-7de2bd070ffe,
20161230044537810_06405,12/30/2016 4:45:37.000,anF9Y6w6aKArBc5yVRrvggmuxVZ9rqvgMyB,anJBX5sKFK4vnbywKWE2NQa9xrvLJEqRAB2,SLR,-24.18,BTC,0.00210607,8.70997E-05,11481.09987,2.043751389,0.00210607,f2b9d817439dea4b0709b8ecb36a82dde437d65fe6e8f40669cabfd6bf0ca2b5,,,,,http://coinprism.info/tx/f2b9d817439dea4b0709b8ecb36a82dde437d65fe6e8f40669cabfd6bf0ca2b5,2d0a71a9-70d5-42a8-9444-f42168f761bd,12/30/2016 4:45:37.000,10ba83bc-c2ad-45b5-8fdf-3ebbf67c66ff,
20161230033332331_06401,12/30/2016 3:33:32.000,anDvuVq49bV47nMWZE3VNFDaww5ew1a9UM8,anJBX5sKFK4vnbywKWE2NQa9xrvLJEqRAB2,USD,-16443.76,BTC,17.05908105,0.00103742,963.9300002,16443.76,17.05908105,79508053e89302c93288f7812f0e5f63576b8b19576f4471f477d7330b1b2983,0.0014454,12/31/2016 5:49:56.000,1.094722222,1576.4,http://coinprism.info/tx/79508053e89302c93288f7812f0e5f63576b8b19576f4471f477d7330b1b2983,c682b960-3700-4835-8e25-754bc2c76c86,12/30/2016 3:33:32.000,2ce1b7dd-a092-480f-98cb-ead9d99c1f82,
20161230020434461_06397,12/30/2016 2:04:34.000,anDvuVq49bV47nMWZE3VNFDaww5ew1a9UM8,anJBX5sKFK4vnbywKWE2NQa9xrvLJEqRAB2,BTC,-17,USD,16443.76,967.28,0.001033827,16443.76,17,a92b325b94bf843b15b51541a90723381f4b488a69ee5bf54719d734ee161325,0.0014454,12/31/2016 5:18:47.000,1.134872685,1634.216667,http://coinprism.info/tx/a92b325b94bf843b15b51541a90723381f4b488a69ee5bf54719d734ee161325,c34972bf-b9d8-4253-b655-7142de3f2454,12/30/2016 2:04:34.000,6742561e-08d7-4104-9329-076fef792aab,
20161230020137898_06393,12/30/2016 2:01:37.000,anDvuVq49bV47nMWZE3VNFDaww5ew1a9UM8,anJBX5sKFK4vnbywKWE2NQa9xrvLJEqRAB2,USD,-16456.85,BTC,17.00386431,0.001033239,967.8300003,16456.85,17.00386431,c90b990d7f56961aeb0a7f38f09630ff9568ba13f10df3b00a0cf17b0b748a62,0.0014454,12/31/2016 5:08:28.000,1.129756944,1626.85,http://coinprism.info/tx/c90b990d7f56961aeb0a7f38f09630ff9568ba13f10df3b00a0cf17b0b748a62,45cab8bd-ae1f-4036-a896-403fd8234c99,12/30/2016 2:01:37.000,c7142614-71fc-4a2b-821f-de3c7b7bdc93,
20161230015517343_06389,12/30/2016 1:55:17.000,anDvuVq49bV47nMWZE3VNFDaww5ew1a9UM8,anJBX5sKFK4vnbywKWE2NQa9xrvLJEqRAB2,BTC,-17,USD,16456.85,968.05,0.001033004,16456.85,17,a1539fd9e6931f0da29a91f8ed65491613de7dd2759d13d297575f6438a14463,0.0016954,12/31/2016 5:08:28.000,1.134155093,1633.183333,http://coinprism.info/tx/a1539fd9e6931f0da29a91f8ed65491613de7dd2759d13d297575f6438a14463,65b0c88a-5e0c-4f95-a9bd-b59a30620e3e,12/30/2016 1:55:17.000,5b4b8211-a9df-4844-bab1-ce26d4bd35b6,
20161230014810312_06381,12/30/2016 1:48:10.000,anEq1HHBMtxBvMwTxipXvBNteMLVE8cCdrS,anMUe3LgGapNHxKsGxmtbsPpNeC33sa7y9a,SLR,-4000,BTC,0.34876,0.00008719,11469.20518,338.4401916,0.34876,0e02f62461332ce7ae42c66b06d114086601edd64d0d4e7d3db1272e555a0f4e,,12/30/2016 2:15:29.000,0.018969907,27.31666666,http://coinprism.info/tx/0e02f62461332ce7ae42c66b06d114086601edd64d0d4e7d3db1272e555a0f4e,b5bcf3a2-d531-4b2c-b9fe-06cc01e645fa,12/30/2016 1:48:10.000,1c4bd269-713f-47ce-8715-326b43dada65,12/30/2016 1:17:06.000
20161230014810312_06385,12/30/2016 1:48:10.000,anEq1HHBMtxBvMwTxipXvBNteMLVE8cCdrS,anJBX5sKFK4vnbywKWE2NQa9xrvLJEqRAB2,SLR,-1000,BTC,0.08701,0.00008701,11492.93185,84.4353741,0.08701,f2f498ee08cdec34a40d17b76a61b623281cf4e07967097461f460afb7b34b14,,12/30/2016 1:52:03.000,0.002696759,3.88333333,http://coinprism.info/tx/f2f498ee08cdec34a40d17b76a61b623281cf4e07967097461f460afb7b34b14,b5bcf3a2-d531-4b2c-b9fe-06cc01e645fa,12/30/2016 1:48:10.000,efe76cf2-6eb7-497f-9a7a-cf75a4f04031,
20161230012233942_06377,12/30/2016 1:22:33.000,anDvuVq49bV47nMWZE3VNFDaww5ew1a9UM8,anJBX5sKFK4vnbywKWE2NQa9xrvLJEqRAB2,USD,-16446.99,BTC,16.99912146,0.00103357,967.5200003,16446.99,16.99912146,afbd64ffd5007b4840aa17693a7d89e244edeb6e414830601ee8d05574a5e4e2,0.0014454,12/31/2016 5:08:28.000,1.156886574,1665.916667,http://coinprism.info/tx/afbd64ffd5007b4840aa17693a7d89e244edeb6e414830601ee8d05574a5e4e2,028f823d-934a-4585-888e-c23e97e2c08f,12/30/2016 1:22:33.000,901a66cf-3be7-478a-9159-c67b0cca7c64,
20161230012110011_06373,12/30/2016 1:21:10.000,anDvuVq49bV47nMWZE3VNFDaww5ew1a9UM8,anJBX5sKFK4vnbywKWE2NQa9xrvLJEqRAB2,BTC,-17,USD,16446.99,967.47,0.001033624,16446.99,17,775f818b3168f83b68ac1e4c9a503cb204fc32dc42525dd6837abf9c49c97974,0.0014454,12/31/2016 4:58:16.000,1.150763889,1657.1,http://coinprism.info/tx/775f818b3168f83b68ac1e4c9a503cb204fc32dc42525dd6837abf9c49c97974,dd027c3e-7147-4f44-8c8d-cd526d62ef89,12/30/2016 1:21:10.000,aa0153cd-64b7-49cf-8566-2ef5244be1c0,
20161230011704026_06369,12/30/2016 1:17:04.000,anYPDMg2jittCnZ8Lo7wUSodpoGA2EBEcFe,anJBX5sKFK4vnbywKWE2NQa9xrvLJEqRAB2,CHF,-0.46,LKK,9,19.56521739,0.051111111,0.44604,0.000459641,3e449ddc477dd711e1342f389aecc8fc1609d756aa96da4694c5cc1cd14f709a,0.0008908,12/30/2016 1:19:58.000,0.002013889,2.899999997,http://coinprism.info/tx/3e449ddc477dd711e1342f389aecc8fc1609d756aa96da4694c5cc1cd14f709a,645dd389-bbc6-448f-bf0c-ef90b021e1af,12/30/2016 1:17:04.000,864e2505-8145-4b28-9c35-91f543df141c,
20161229235002482_06365,12/29/2016 23:50:02.000,anSpFTdVDmFGuCps4fYe1iYHYTM4z3G4dPA,anJBX5sKFK4vnbywKWE2NQa9xrvLJEqRAB2,BTC,-0.2062,LKK,4029.04,19539.47624,5.11784E-05,196.6574424,0.2062,f4ddaa218ab9a170dfbd25469bd7016c4f78e1432d42e920da9727a65ea2db34,0.0009454,12/29/2016 23:55:14.000,0.003611111,5.2,http://coinprism.info/tx/f4ddaa218ab9a170dfbd25469bd7016c4f78e1432d42e920da9727a65ea2db34,cc0be4ec-e08d-42b6-b824-8a510efe9484,12/29/2016 23:50:02.000,df73f78f-c6eb-4e12-8790-a8fd703e3e17,
20161229225838698_06361,12/29/2016 22:58:38.000,anDvuVq49bV47nMWZE3VNFDaww5ew1a9UM8,anJBX5sKFK4vnbywKWE2NQa9xrvLJEqRAB2,USD,-15507.2,BTC,15.95374533,0.001028796,972.0100001,15507.2,15.95374533,2f83dbb837a41c65fa0c836843670a0435a6886209e869545831e89212d504b8,0.0014454,12/31/2016 4:06:56.000,1.214097222,1748.3,http://coinprism.info/tx/2f83dbb837a41c65fa0c836843670a0435a6886209e869545831e89212d504b8,cc18e599-350e-45e9-97e0-4a83e618ec46,12/29/2016 22:58:38.000,0367663a-bd4e-40b7-8d25-034822fc6908,
20161229224227570_06357,12/29/2016 22:42:27.000,anDvuVq49bV47nMWZE3VNFDaww5ew1a9UM8,anJBX5sKFK4vnbywKWE2NQa9xrvLJEqRAB2,BTC,-16,USD,15507.2,969.2,0.001031779,15507.2,16,1214979cdf4455660ad8065c70d14616e911a49dcb9bb05d7f35658114df811a,0.0016954,12/31/2016 3:54:35.000,1.216759259,1752.133333,http://coinprism.info/tx/1214979cdf4455660ad8065c70d14616e911a49dcb9bb05d7f35658114df811a,5a97e8b5-2802-4a3f-906e-af2a521f2546,12/29/2016 22:42:27.000,f59a98a7-9a3e-4d4e-a3d2-363293c2f287,
20161229223243626_06353,12/29/2016 22:32:43.000,anDvuVq49bV47nMWZE3VNFDaww5ew1a9UM8,anJBX5sKFK4vnbywKWE2NQa9xrvLJEqRAB2,USD,-15531.68,BTC,16.00329716,0.001030365,970.5300005,15531.68,16.00329716,ced10f085b6a210f5bfa417a610fb2bc2c98299d39bb00665030eba7db1b61d8,0.0014454,12/31/2016 3:54:35.000,1.223518519,1761.866667,http://coinprism.info/tx/ced10f085b6a210f5bfa417a610fb2bc2c98299d39bb00665030eba7db1b61d8,a1046d2a-0e56-403a-99c1-f934deda9adb,12/29/2016 22:32:43.000,03325e79-dee4-4d1c-a131-68102db8df8c,
20161229223205524_06349,12/29/2016 22:32:05.000,anDvuVq49bV47nMWZE3VNFDaww5ew1a9UM8,anJBX5sKFK4vnbywKWE2NQa9xrvLJEqRAB2,BTC,-16,USD,15531.68,970.73,0.001030153,15531.68,16,e9b59721cec27cfc0c70f6e6172d6cee484e5d9fd89a64a7b8112b56d9ef83c9,0.0014454,12/31/2016 3:42:29.000,1.215555556,1750.4,http://coinprism.info/tx/e9b59721cec27cfc0c70f6e6172d6cee484e5d9fd89a64a7b8112b56d9ef83c9,7a1195f5-939e-4d7d-8139-a20933bbdb08,12/29/2016 22:32:05.000,4ff750e8-0ccf-40a7-9d30-50417ab80898,
20161229222854000_06345,12/29/2016 22:28:54.000,anDvuVq49bV47nMWZE3VNFDaww5ew1a9UM8,anJBX5sKFK4vnbywKWE2NQa9xrvLJEqRAB2,USD,-15551.52,BTC,16.01763312,0.001029972,970.9000002,15551.52,16.01763312,c07ebcefae451597bb9f9ddb01eecfab36315549b2a03cb27f0b9efde1855940,0.0014454,12/31/2016 3:42:29.000,1.217766204,1753.583333,http://coinprism.info/tx/c07ebcefae451597bb9f9ddb01eecfab36315549b2a03cb27f0b9efde1855940,9d7ee88f-6c12-486b-8057-f2ed74cb4f2e,12/29/2016 22:28:54.000,f8c47a13-2d47-4dcd-9b78-5c984d3a2a5a,
20161229222034866_06341,12/29/2016 22:20:34.000,anDvuVq49bV47nMWZE3VNFDaww5ew1a9UM8,anJBX5sKFK4vnbywKWE2NQa9xrvLJEqRAB2,BTC,-16,USD,15551.52,971.97,0.001028838,15551.52,16,233bec33e9e1d18917399daa8e393a3186cd37268421ae9f4674a3b59fbfc17a,0.0016954,12/31/2016 2:33:35.000,1.175706019,1693.016667,http://coinprism.info/tx/233bec33e9e1d18917399daa8e393a3186cd37268421ae9f4674a3b59fbfc17a,ba625e69-5c7d-4b5a-8c09-c2e73d9edf7f,12/29/2016 22:20:34.000,686321a5-a09d-4913-8a1d-4a23670a761d,
20161229214833338_06337,12/29/2016 21:48:33.000,anDvuVq49bV47nMWZE3VNFDaww5ew1a9UM8,anJBX5sKFK4vnbywKWE2NQa9xrvLJEqRAB2,USD,-15490.88,BTC,16.01554939,0.00103387,967.2400005,15490.88,16.01554939,c174f004269a6b49a44ff35cd332d7e9c0fc4a5edc3a51124d5eee214f76c0e2,0.0014454,12/31/2016 2:33:35.000,1.197939815,1725.033333,http://coinprism.info/tx/c174f004269a6b49a44ff35cd332d7e9c0fc4a5edc3a51124d5eee214f76c0e2,bd71e3d4-37db-49ba-a35b-5f8b691177a0,12/29/2016 21:48:33.000,f57c7420-5a71-4ffa-b8e7-a9669bcc5f88,
20161229214820628_06333,12/29/2016 21:48:20.000,anQaMwsoLzoawCaazojte2BmWFVApkyAKom,anJBX5sKFK4vnbywKWE2NQa9xrvLJEqRAB2,BTC,-0.10168327,LKK,2000,19668.91899,5.08416E-05,97.62,0.10168327,61d5d1826b9a31e1a5bd73c5d8d9a75829b6803ea5f665814f3288ee7dcf28f8,0.0009454,12/29/2016 21:59:48.000,0.007962963,11.46666666,http://coinprism.info/tx/61d5d1826b9a31e1a5bd73c5d8d9a75829b6803ea5f665814f3288ee7dcf28f8,24e748a5-be6b-44cb-bb46-ac1caf18a205,12/29/2016 21:48:20.000,869eed9a-97df-42b3-a52f-93b3027077f6,
20161229214547146_06329,12/29/2016 21:45:47.000,anDvuVq49bV47nMWZE3VNFDaww5ew1a9UM8,anJBX5sKFK4vnbywKWE2NQa9xrvLJEqRAB2,BTC,-16,USD,15490.88,968.18,0.001032866,15490.88,16,9085366dd7216c2a4fe14b0c153440e360b048f142d331a3263560b71b2a5283,0.0014454,12/31/2016 1:53:40.000,1.172141204,1687.883333,http://coinprism.info/tx/9085366dd7216c2a4fe14b0c153440e360b048f142d331a3263560b71b2a5283,eded0969-7a22-4918-ac98-d4e61b03011a,12/29/2016 21:45:47.000,45bfc3b4-91d4-4944-8f21-40986e24a2e6,
20161229214253535_06325,12/29/2016 21:42:53.000,anDvuVq49bV47nMWZE3VNFDaww5ew1a9UM8,anJBX5sKFK4vnbywKWE2NQa9xrvLJEqRAB2,USD,-15506.4,BTC,16.00925056,0.001032429,968.59,15506.4,16.00925056,3674917d738fcf8d7252fbba6f9c60093a2b4de185c29ef9bf46c87de0bba403,0.0014454,12/31/2016 1:53:40.000,1.174155093,1690.783333,http://coinprism.info/tx/3674917d738fcf8d7252fbba6f9c60093a2b4de185c29ef9bf46c87de0bba403,c2b89b9f-7715-48f5-a95a-b6ad6799605e,12/29/2016 21:42:53.000,af533351-747a-43b8-ba63-d0ba4316ba17,
20161229214124329_06321,12/29/2016 21:41:24.000,anDvuVq49bV47nMWZE3VNFDaww5ew1a9UM8,anJBX5sKFK4vnbywKWE2NQa9xrvLJEqRAB2,BTC,-16,USD,15506.4,969.15,0.001031832,15506.4,16,5c044c3c11762bd9942065c550062bf584a994fd769aa26284b9ba96727a0cfb,0.0014454,12/31/2016 1:53:40.000,1.175185185,1692.266667,http://coinprism.info/tx/5c044c3c11762bd9942065c550062bf584a994fd769aa26284b9ba96727a0cfb,b3035b77-c90f-4ea0-86e9-de2d167984f8,12/29/2016 21:41:24.000,0c48e07c-0a1f-4c15-b6d1-6358466681ae,
20161229213737557_06317,12/29/2016 21:37:37.000,anDvuVq49bV47nMWZE3VNFDaww5ew1a9UM8,anJBX5sKFK4vnbywKWE2NQa9xrvLJEqRAB2,USD,-15507.84,BTC,16.00049524,0.001031768,969.2100005,15507.84,16.00049524,325178a88452b389d68d9e65da1311f392b5966b347281a50f2e900112674b4d,0.0014454,12/31/2016 0:57:33.000,1.138842593,1639.933333,http://coinprism.info/tx/325178a88452b389d68d9e65da1311f392b5966b347281a50f2e900112674b4d,0357c326-be3e-45a7-a8e1-bae7344c54a2,12/29/2016 21:37:37.000,75dba126-0bbe-47f5-8a7d-f5221d209089,
20161229213541060_06313,12/29/2016 21:35:41.000,anDvuVq49bV47nMWZE3VNFDaww5ew1a9UM8,anJBX5sKFK4vnbywKWE2NQa9xrvLJEqRAB2,BTC,-16,USD,15507.84,969.24,0.001031736,15507.84,16,cd7286aed80d9db860eda5bd88afcfa14840e1a160b9f8b1815eb8b992055823,0.0014454,12/31/2016 0:57:33.000,1.140185185,1641.866667,http://coinprism.info/tx/cd7286aed80d9db860eda5bd88afcfa14840e1a160b9f8b1815eb8b992055823,b79b0421-4e6b-4ac2-a0d5-42485835254a,12/29/2016 21:35:41.000,00086dc4-5f19-4d31-8082-be773e07e50c,
20161229212359775_06309,12/29/2016 21:23:59.000,anDvuVq49bV47nMWZE3VNFDaww5ew1a9UM8,anJBX5sKFK4vnbywKWE2NQa9xrvLJEqRAB2,USD,-15436.8,BTC,16.00182442,0.001036602,964.69,15436.8,16.00182442,b710d2d0bf5b17531915da102c2528445f54cbc59ddc36cd6fffba443b4f797f,0.0016954,12/31/2016 0:46:58.000,1.140960648,1642.983333,http://coinprism.info/tx/b710d2d0bf5b17531915da102c2528445f54cbc59ddc36cd6fffba443b4f797f,6b559a98-71d5-41ef-a27c-fc8cdd3055b0,12/29/2016 21:23:59.000,215bb21d-ba3a-4965-b121-42ed7ca9e22b,
